<ul
  class="product-list grid"
  data-auto="product-list"
  data-auto-last-updated="1655023491797"
>
  <li class="product-list--list-item first">
    <div class="styles__StyledVerticalTileWrapper-dvv1wj-0 dtCNPH">
      <div
        data-auto="product-tile"
        data-auto-type="Quantity"
        data-auto-available="true"
        data-auto-is-restricted-disabled="false"
        data-auto-is-substitute="false"
        class="styles__StyledVerticalTile-dvv1wj-1 hJqNin"
      >
        <div class="styles__StyledTileContentWrapper-dvv1wj-2 bkNhNP beans">
          <div
            id="tile-301359904"
            data-auto-id="301359904"
            class="styles__StyledTiledContent-dvv1wj-3 bcglTg"
          >
            <a
              href="/groceries/en-GB/products/301359904"
              aria-hidden="true"
              class="product-image-wrapper"
              tabindex="1"
              ><div class="product-image__container">
                <picture
                  ><img
                    class="styled__Image-sjvkdn-0 bJErKA product-image beans-responsive-image__image"
                    src="https://digitalcontent.api.tesco.com/v2/media/ghs/072944dc-3fbd-4b79-861a-d396f67adce1/7a402446-c3de-44ae-98d1-676e68dc5e79_141588736.jpeg?h=225&amp;w=225"
                    srcset="
                      https://digitalcontent.api.tesco.com/v2/media/ghs/072944dc-3fbd-4b79-861a-d396f67adce1/7a402446-c3de-44ae-98d1-676e68dc5e79_141588736.jpeg?h=225&amp;w=225  768w,
                      https://digitalcontent.api.tesco.com/v2/media/ghs/072944dc-3fbd-4b79-861a-d396f67adce1/7a402446-c3de-44ae-98d1-676e68dc5e79_141588736.jpeg?h=225&amp;w=225 4000w
                    "
                    alt="Aptamil 1 First Infant Milk From Birth 800G"
                /></picture></div
            ></a>
            <div class="product-details--wrapper">
              <h3>
                <a
                  href="/groceries/en-GB/products/301359904"
                  class="styled__Anchor-sc-1xbujuz-0 bmBCJq beans-link__anchor"
                  data-auto="product-tile--title"
                  ><span
                    class="styled__Text-sc-1xbujuz-1 ldbwMG beans-link__text"
                    >Aptamil 1 First Infant Milk From Birth 800G</span
                  ></a
                >
              </h3>
              <div
                class="styles__StyledPromotionsAboveMobile-dvv1wj-7 iPTMuo"
              ></div>
              <div class="styles__StyledProductDetailsContent-dvv1wj-5 ddRSrq">
                <a
                  href="/groceries/en-GB/reviews/submission/301359904?from=%2Fshop%2Fbaby%2Fall"
                  aria-label="Write a review for Aptamil 1 First Infant Milk From Birth 800G"
                  class="styled__Anchor-sc-1xbujuz-0 cFilde beans-link__anchor"
                  data-auto="review-link"
                  ><span
                    class="styled__Text-sc-1xbujuz-1 fyDIEo beans-link__text"
                    >Write a review</span
                  ><span
                    class="styled__IconContainer-sc-1xbujuz-2 bSauSL beans-link__icon-container"
                    ><svg
                      aria-hidden="true"
                      class="styled__SVG-xxa4wh-1 hQMCqc beans-link__icon beans-icon__svg"
                      height="13.33"
                      preserveAspectRatio="xMinYMax meet"
                      viewBox="-1 0 12 20"
                      width="8"
                      xmlns="http://www.w3.org/2000/svg"
                      color="currentColor"
                    >
                      <path
                        d="M1.312 1.348L10.276 10l-8.964 8.644"
                        fill="none"
                        stroke="currentColor"
                      ></path></svg></span
                ></a>
                <div>
                  <a
                    href="/groceries/en-GB/shop/baby/baby-and-toddler-milk/first-baby-milk-from-birth/first-baby-milk-from-birth"
                    class="styled__Anchor-sc-1xbujuz-0 cFilde beans-link__anchor"
                    ><span
                      class="styled__Text-sc-1xbujuz-1 fyDIEo beans-link__text"
                      >Rest of
                      <span class="visually-hidden"
                        >First Baby Milk from Birth</span
                      >
                      shelf</span
                    ><span
                      class="styled__IconContainer-sc-1xbujuz-2 bSauSL beans-link__icon-container"
                      ><svg
                        aria-hidden="true"
                        class="styled__SVG-xxa4wh-1 hQMCqc beans-link__icon beans-icon__svg"
                        height="13.33"
                        preserveAspectRatio="xMinYMax meet"
                        viewBox="-1 0 12 20"
                        width="8"
                        xmlns="http://www.w3.org/2000/svg"
                        color="currentColor"
                      >
                        <path
                          d="M1.312 1.348L10.276 10l-8.964 8.644"
                          fill="none"
                          stroke="currentColor"
                        ></path></svg></span
                  ></a>
                </div>
                <div class="product-info-message-section">
                  <div class="product-info-message-list"></div>
                </div>
              </div>
              <div class="styles__StyledBuyBoxWrapper-dvv1wj-4 dSvjUC">
                <div
                  class="styles__StyledBuyBoxContainer-sc-1wx0qp6-0 dAXuso"
                  data-auto="buybox-container"
                >
                  <form
                    action="/groceries/en-GB/trolley/items/301359904?_method=PUT"
                    method="POST"
                    quantitytype="simple-quantity"
                    class="styles__SafeFormWrapper-jtpu2t-0 lcrYKS"
                  >
                    <input type="submit" class="hidden" /><input
                      name="id"
                      type="hidden"
                      value="301359904"
                    /><input
                      name="identifier"
                      type="hidden"
                      value="Page"
                    /><input
                      name="anchorId"
                      type="hidden"
                      value="#tile-301359904"
                    /><input
                      name="returnUrl"
                      type="hidden"
                      value="/groceries/en-GB/shop/baby/all#tile-301359904"
                    /><input name="backToUrl" type="hidden" value="#" /><input
                      name="oldValue"
                      type="hidden"
                      value="0"
                    /><input
                      name="oldUnitChoice"
                      type="hidden"
                      value="pcs"
                    /><input name="newUnitChoice" type="hidden" value="pcs" />
                    <div
                      class="base-components__RootElement-sc-1mosoyj-1 styled__Container-sc-6nhkzi-0 jptQqM hSNpTb beans-buybox__container"
                    >
                      <div
                        class="base-components__BaseElement-sc-1mosoyj-0 styled__PriceAndActions-sc-6nhkzi-3 oznwo eEPLov beans-buybox__price-and-actions"
                      >
                        <div
                          class="base-components__RootElement-sc-1mosoyj-1 styled__Container-sc-8qlq5b-0 jptQqM bgZrjw styled__StyledPrice-sc-6nhkzi-5 iYHeik beans-buybox__price beans-price__container"
                        >
                          <p
                            class="styled__StyledHeading-sc-119w3hf-2 jWPEtj styled__Text-sc-8qlq5b-1 lnaeiZ beans-price__text"
                          >
                            £12.50
                          </p>
                          <p
                            class="styled__StyledFootnote-sc-119w3hf-7 icrlVF styled__Subtext-sc-8qlq5b-2 bNJmdc beans-price__subtext"
                          >
                            £15.63/kg
                          </p>
                        </div>
                        <div
                          class="base-components__RootElement-sc-1mosoyj-1 styled__Container-vtxwzb-0 jptQqM bDFhXJ beans-buybox__actions beans-quantity-controls__container"
                        >
                          <div
                            class="base-components__RootElement-sc-1mosoyj-1 styled__Container-sc-16t2b2a-0 jptQqM PUfgZ styled__StyledFormGroup-vtxwzb-1 kzKuAr beans-quantity-controls__form-group beans-form-group__container"
                          >
                            <label
                              class="styled__StyledLabel-sc-1ttuvhr-0 bwxooU beans-form-group__label beans-label"
                              for="quantity-controls-301359904"
                              >Quantity controls
                            </label>
                            <div
                              class="base-components__BaseElement-sc-1mosoyj-0 styled__Children-sc-16t2b2a-3 oznwo gdJvjO beans-form-group__children"
                            >
                              <div
                                class="styled__StyledQuantityControlWrapper-vtxwzb-6 LCxOg"
                              >
                                <label
                                  id="quantity-controls-301359904-label"
                                  class="styled__VisuallyHiddenLabel-vtxwzb-7 gXlLiM"
                                  >add Aptamil 1 First Infant Milk From Birth
                                  800G to basket</label
                                ><input
                                  class="base-components__RootElement-sc-1mosoyj-1 styled__StyledInput-sc-1jd5f57-0 jptQqM hupFMH styled__StyledInput-vtxwzb-3 lwMHo beans-quantity-controls__input beans-input"
                                  data-auto="beans-quantity-controls-input"
                                  autocomplete="off"
                                  id="quantity-controls-301359904"
                                  maxlength="2"
                                  name="newValue"
                                  type="number"
                                  aria-labelledby="quantity-controls-301359904-label"
                                  value="1"
                                />
                              </div>
                              <button
                                class="styled__BaseButton-rsekm1-0 styled__PrimaryButton-rsekm1-2 jChbeY geeWOF styled__StyledButton-vtxwzb-5 japAxb beans-quantity-controls__add-button beans-button__container"
                                type="submit"
                                data-auto="beans-quantity-controls-add-button"
                                aria-label="add Aptamil 1 First Infant Milk From Birth 800G to basket"
                              >
                                <span
                                  class="base-components__BaseElement-sc-1mosoyj-0 styled__InnerContainer-rsekm1-1 oznwo fuFres beans-button__inner-container"
                                  ><span
                                    class="base-components__BaseElement-sc-1mosoyj-0 styled__TextSpan-rsekm1-4 oznwo GDiMp beans-button__text"
                                    >Add</span
                                  ></span
                                >
                              </button>
                            </div>
                          </div>
                        </div>
                      </div>
                    </div>
                    <input
                      name="_csrf"
                      type="hidden"
                      value="F4ilyTJl-LvtqLgFsBkctxWaUBk6u5LvYpFM"
                    />
                  </form>
                </div>
              </div>
            </div>
            <div class="hidden-medium product-info-section-small">
              <div class="product-info-message-list"></div>
            </div>
          </div>
        </div>
      </div>
    </div>
  </li>
  <li class="product-list--list-item">
    <div class="styles__StyledVerticalTileWrapper-dvv1wj-0 dtCNPH">
      <div
        data-auto="product-tile"
        data-auto-type="Quantity"
        data-auto-available="true"
        data-auto-is-restricted-disabled="false"
        data-auto-is-substitute="false"
        class="styles__StyledVerticalTile-dvv1wj-1 hJqNin"
      >
        <div class="styles__StyledTileContentWrapper-dvv1wj-2 bkNhNP beans">
          <div
            id="tile-301359789"
            data-auto-id="301359789"
            class="styles__StyledTiledContent-dvv1wj-3 bcglTg"
          >
            <a
              href="/groceries/en-GB/products/301359789"
              aria-hidden="true"
              class="product-image-wrapper"
              tabindex="1"
              ><div class="product-image__container">
                <picture
                  ><img
                    class="styled__Image-sjvkdn-0 bJErKA product-image beans-responsive-image__image"
                    src="https://digitalcontent.api.tesco.com/v2/media/ghs/eb3f5973-d5e9-434e-a374-90ec91399e36/b5b34c17-e975-4c94-ad66-49cc3cef1d21_2063439882.jpeg?h=225&amp;w=225"
                    srcset="
                      https://digitalcontent.api.tesco.com/v2/media/ghs/eb3f5973-d5e9-434e-a374-90ec91399e36/b5b34c17-e975-4c94-ad66-49cc3cef1d21_2063439882.jpeg?h=225&amp;w=225  768w,
                      https://digitalcontent.api.tesco.com/v2/media/ghs/eb3f5973-d5e9-434e-a374-90ec91399e36/b5b34c17-e975-4c94-ad66-49cc3cef1d21_2063439882.jpeg?h=225&amp;w=225 4000w
                    "
                    alt="Cow &amp; Gate 1 First Milk Powder 800G"
                /></picture></div
            ></a>
            <div class="product-details--wrapper">
              <h3>
                <a
                  href="/groceries/en-GB/products/301359789"
                  class="styled__Anchor-sc-1xbujuz-0 bmBCJq beans-link__anchor"
                  data-auto="product-tile--title"
                  ><span
                    class="styled__Text-sc-1xbujuz-1 ldbwMG beans-link__text"
                    >Cow &amp; Gate 1 First Milk Powder 800G</span
                  ></a
                >
              </h3>
              <div
                class="styles__StyledPromotionsAboveMobile-dvv1wj-7 iPTMuo"
              ></div>
              <div class="styles__StyledProductDetailsContent-dvv1wj-5 ddRSrq">
                <a
                  href="/groceries/en-GB/reviews/submission/301359789?from=%2Fshop%2Fbaby%2Fall"
                  aria-label="Write a review for Cow &amp; Gate 1 First Milk Powder 800G"
                  class="styled__Anchor-sc-1xbujuz-0 cFilde beans-link__anchor"
                  data-auto="review-link"
                  ><span
                    class="styled__Text-sc-1xbujuz-1 fyDIEo beans-link__text"
                    >Write a review</span
                  ><span
                    class="styled__IconContainer-sc-1xbujuz-2 bSauSL beans-link__icon-container"
                    ><svg
                      aria-hidden="true"
                      class="styled__SVG-xxa4wh-1 hQMCqc beans-link__icon beans-icon__svg"
                      height="13.33"
                      preserveAspectRatio="xMinYMax meet"
                      viewBox="-1 0 12 20"
                      width="8"
                      xmlns="http://www.w3.org/2000/svg"
                      color="currentColor"
                    >
                      <path
                        d="M1.312 1.348L10.276 10l-8.964 8.644"
                        fill="none"
                        stroke="currentColor"
                      ></path></svg></span
                ></a>
                <div>
                  <a
                    href="/groceries/en-GB/shop/baby/baby-and-toddler-milk/first-baby-milk-from-birth/first-baby-milk-from-birth"
                    class="styled__Anchor-sc-1xbujuz-0 cFilde beans-link__anchor"
                    ><span
                      class="styled__Text-sc-1xbujuz-1 fyDIEo beans-link__text"
                      >Rest of
                      <span class="visually-hidden"
                        >First Baby Milk from Birth</span
                      >
                      shelf</span
                    ><span
                      class="styled__IconContainer-sc-1xbujuz-2 bSauSL beans-link__icon-container"
                      ><svg
                        aria-hidden="true"
                        class="styled__SVG-xxa4wh-1 hQMCqc beans-link__icon beans-icon__svg"
                        height="13.33"
                        preserveAspectRatio="xMinYMax meet"
                        viewBox="-1 0 12 20"
                        width="8"
                        xmlns="http://www.w3.org/2000/svg"
                        color="currentColor"
                      >
                        <path
                          d="M1.312 1.348L10.276 10l-8.964 8.644"
                          fill="none"
                          stroke="currentColor"
                        ></path></svg></span
                  ></a>
                </div>
                <div class="product-info-message-section">
                  <div class="product-info-message-list"></div>
                </div>
              </div>
              <div class="styles__StyledBuyBoxWrapper-dvv1wj-4 dSvjUC">
                <div
                  class="styles__StyledBuyBoxContainer-sc-1wx0qp6-0 dAXuso"
                  data-auto="buybox-container"
                >
                  <form
                    action="/groceries/en-GB/trolley/items/301359789?_method=PUT"
                    method="POST"
                    quantitytype="simple-quantity"
                    class="styles__SafeFormWrapper-jtpu2t-0 lcrYKS"
                  >
                    <input type="submit" class="hidden" /><input
                      name="id"
                      type="hidden"
                      value="301359789"
                    /><input
                      name="identifier"
                      type="hidden"
                      value="Page"
                    /><input
                      name="anchorId"
                      type="hidden"
                      value="#tile-301359789"
                    /><input
                      name="returnUrl"
                      type="hidden"
                      value="/groceries/en-GB/shop/baby/all#tile-301359789"
                    /><input name="backToUrl" type="hidden" value="#" /><input
                      name="oldValue"
                      type="hidden"
                      value="0"
                    /><input
                      name="oldUnitChoice"
                      type="hidden"
                      value="pcs"
                    /><input name="newUnitChoice" type="hidden" value="pcs" />
                    <div
                      class="base-components__RootElement-sc-1mosoyj-1 styled__Container-sc-6nhkzi-0 jptQqM hSNpTb beans-buybox__container"
                    >
                      <div
                        class="base-components__BaseElement-sc-1mosoyj-0 styled__PriceAndActions-sc-6nhkzi-3 oznwo eEPLov beans-buybox__price-and-actions"
                      >
                        <div
                          class="base-components__RootElement-sc-1mosoyj-1 styled__Container-sc-8qlq5b-0 jptQqM bgZrjw styled__StyledPrice-sc-6nhkzi-5 iYHeik beans-buybox__price beans-price__container"
                        >
                          <p
                            class="styled__StyledHeading-sc-119w3hf-2 jWPEtj styled__Text-sc-8qlq5b-1 lnaeiZ beans-price__text"
                          >
                            £9.50
                          </p>
                          <p
                            class="styled__StyledFootnote-sc-119w3hf-7 icrlVF styled__Subtext-sc-8qlq5b-2 bNJmdc beans-price__subtext"
                          >
                            £11.88/kg
                          </p>
                        </div>
                        <div
                          class="base-components__RootElement-sc-1mosoyj-1 styled__Container-vtxwzb-0 jptQqM bDFhXJ beans-buybox__actions beans-quantity-controls__container"
                        >
                          <div
                            class="base-components__RootElement-sc-1mosoyj-1 styled__Container-sc-16t2b2a-0 jptQqM PUfgZ styled__StyledFormGroup-vtxwzb-1 kzKuAr beans-quantity-controls__form-group beans-form-group__container"
                          >
                            <label
                              class="styled__StyledLabel-sc-1ttuvhr-0 bwxooU beans-form-group__label beans-label"
                              for="quantity-controls-301359789"
                              >Quantity controls
                            </label>
                            <div
                              class="base-components__BaseElement-sc-1mosoyj-0 styled__Children-sc-16t2b2a-3 oznwo gdJvjO beans-form-group__children"
                            >
                              <div
                                class="styled__StyledQuantityControlWrapper-vtxwzb-6 LCxOg"
                              >
                                <label
                                  id="quantity-controls-301359789-label"
                                  class="styled__VisuallyHiddenLabel-vtxwzb-7 gXlLiM"
                                  >add Cow &amp; Gate 1 First Milk Powder 800G
                                  to basket</label
                                ><input
                                  class="base-components__RootElement-sc-1mosoyj-1 styled__StyledInput-sc-1jd5f57-0 jptQqM hupFMH styled__StyledInput-vtxwzb-3 lwMHo beans-quantity-controls__input beans-input"
                                  data-auto="beans-quantity-controls-input"
                                  autocomplete="off"
                                  id="quantity-controls-301359789"
                                  maxlength="2"
                                  name="newValue"
                                  type="number"
                                  aria-labelledby="quantity-controls-301359789-label"
                                  value="1"
                                />
                              </div>
                              <button
                                class="styled__BaseButton-rsekm1-0 styled__PrimaryButton-rsekm1-2 jChbeY geeWOF styled__StyledButton-vtxwzb-5 japAxb beans-quantity-controls__add-button beans-button__container"
                                type="submit"
                                data-auto="beans-quantity-controls-add-button"
                                aria-label="add Cow &amp; Gate 1 First Milk Powder 800G to basket"
                              >
                                <span
                                  class="base-components__BaseElement-sc-1mosoyj-0 styled__InnerContainer-rsekm1-1 oznwo fuFres beans-button__inner-container"
                                  ><span
                                    class="base-components__BaseElement-sc-1mosoyj-0 styled__TextSpan-rsekm1-4 oznwo GDiMp beans-button__text"
                                    >Add</span
                                  ></span
                                >
                              </button>
                            </div>
                          </div>
                        </div>
                      </div>
                    </div>
                    <input
                      name="_csrf"
                      type="hidden"
                      value="F4ilyTJl-LvtqLgFsBkctxWaUBk6u5LvYpFM"
                    />
                  </form>
                </div>
              </div>
            </div>
            <div class="hidden-medium product-info-section-small">
              <div class="product-info-message-list"></div>
            </div>
          </div>
        </div>
      </div>
    </div>
  </li>
  <li class="product-list--list-item">
    <div class="styles__StyledVerticalTileWrapper-dvv1wj-0 dtCNPH">
      <div
        data-auto="product-tile"
        data-auto-type="Quantity"
        data-auto-available="true"
        data-auto-is-restricted-disabled="false"
        data-auto-is-substitute="false"
        class="styles__StyledVerticalTile-dvv1wj-1 hJqNin"
      >
        <div class="styles__StyledTileContentWrapper-dvv1wj-2 bkNhNP beans">
          <div
            id="tile-281197852"
            data-auto-id="281197852"
            class="styles__StyledTiledContent-dvv1wj-3 bcglTg"
          >
            <a
              href="/groceries/en-GB/products/281197852"
              aria-hidden="true"
              class="product-image-wrapper"
              tabindex="1"
              ><div class="product-image__container">
                <picture
                  ><img
                    class="styled__Image-sjvkdn-0 bJErKA product-image beans-responsive-image__image"
                    src="https://digitalcontent.api.tesco.com/v2/media/ghs/e31a1957-aab6-41b9-b323-54aba5bac529/e7be378d-bfd1-4d56-b7bb-e6317d412397_806362636.jpeg?h=225&amp;w=225"
                    srcset="
                      https://digitalcontent.api.tesco.com/v2/media/ghs/e31a1957-aab6-41b9-b323-54aba5bac529/e7be378d-bfd1-4d56-b7bb-e6317d412397_806362636.jpeg?h=225&amp;w=225  768w,
                      https://digitalcontent.api.tesco.com/v2/media/ghs/e31a1957-aab6-41b9-b323-54aba5bac529/e7be378d-bfd1-4d56-b7bb-e6317d412397_806362636.jpeg?h=225&amp;w=225 4000w
                    "
                    alt="Cow &amp; Gate 3 Growing Up Milk 1-3 Years 200Ml"
                /></picture></div
            ></a>
            <div class="product-details--wrapper">
              <h3>
                <a
                  href="/groceries/en-GB/products/281197852"
                  class="styled__Anchor-sc-1xbujuz-0 bmBCJq beans-link__anchor"
                  data-auto="product-tile--title"
                  ><span
                    class="styled__Text-sc-1xbujuz-1 ldbwMG beans-link__text"
                    >Cow &amp; Gate 3 Growing Up Milk 1-3 Years 200Ml</span
                  ></a
                >
              </h3>
              <div
                class="styles__StyledPromotionsAboveMobile-dvv1wj-7 iPTMuo"
              ></div>
              <div class="styles__StyledProductDetailsContent-dvv1wj-5 ddRSrq">
                <a
                  href="/groceries/en-GB/reviews/submission/281197852?from=%2Fshop%2Fbaby%2Fall"
                  aria-label="Write a review for Cow &amp; Gate 3 Growing Up Milk 1-3 Years 200Ml"
                  class="styled__Anchor-sc-1xbujuz-0 cFilde beans-link__anchor"
                  data-auto="review-link"
                  ><span
                    class="styled__Text-sc-1xbujuz-1 fyDIEo beans-link__text"
                    >Write a review</span
                  ><span
                    class="styled__IconContainer-sc-1xbujuz-2 bSauSL beans-link__icon-container"
                    ><svg
                      aria-hidden="true"
                      class="styled__SVG-xxa4wh-1 hQMCqc beans-link__icon beans-icon__svg"
                      height="13.33"
                      preserveAspectRatio="xMinYMax meet"
                      viewBox="-1 0 12 20"
                      width="8"
                      xmlns="http://www.w3.org/2000/svg"
                      color="currentColor"
                    >
                      <path
                        d="M1.312 1.348L10.276 10l-8.964 8.644"
                        fill="none"
                        stroke="currentColor"
                      ></path></svg></span
                ></a>
                <div>
                  <a
                    href="/groceries/en-GB/shop/baby/baby-and-toddler-milk/growing-up-baby-milk-from-12-months/growing-up-baby-milk-from-12-months"
                    class="styled__Anchor-sc-1xbujuz-0 cFilde beans-link__anchor"
                    ><span
                      class="styled__Text-sc-1xbujuz-1 fyDIEo beans-link__text"
                      >Rest of
                      <span class="visually-hidden"
                        >Growing Up Baby Milk From 12 Months</span
                      >
                      shelf</span
                    ><span
                      class="styled__IconContainer-sc-1xbujuz-2 bSauSL beans-link__icon-container"
                      ><svg
                        aria-hidden="true"
                        class="styled__SVG-xxa4wh-1 hQMCqc beans-link__icon beans-icon__svg"
                        height="13.33"
                        preserveAspectRatio="xMinYMax meet"
                        viewBox="-1 0 12 20"
                        width="8"
                        xmlns="http://www.w3.org/2000/svg"
                        color="currentColor"
                      >
                        <path
                          d="M1.312 1.348L10.276 10l-8.964 8.644"
                          fill="none"
                          stroke="currentColor"
                        ></path></svg></span
                  ></a>
                </div>
                <div class="product-info-message-section">
                  <div class="product-info-message-list"></div>
                </div>
              </div>
              <div class="styles__StyledBuyBoxWrapper-dvv1wj-4 dSvjUC">
                <div
                  class="styles__StyledBuyBoxContainer-sc-1wx0qp6-0 dAXuso"
                  data-auto="buybox-container"
                >
                  <form
                    action="/groceries/en-GB/trolley/items/281197852?_method=PUT"
                    method="POST"
                    quantitytype="simple-quantity"
                    class="styles__SafeFormWrapper-jtpu2t-0 lcrYKS"
                  >
                    <input type="submit" class="hidden" /><input
                      name="id"
                      type="hidden"
                      value="281197852"
                    /><input
                      name="identifier"
                      type="hidden"
                      value="Page"
                    /><input
                      name="anchorId"
                      type="hidden"
                      value="#tile-281197852"
                    /><input
                      name="returnUrl"
                      type="hidden"
                      value="/groceries/en-GB/shop/baby/all#tile-281197852"
                    /><input name="backToUrl" type="hidden" value="#" /><input
                      name="oldValue"
                      type="hidden"
                      value="0"
                    /><input
                      name="oldUnitChoice"
                      type="hidden"
                      value="pcs"
                    /><input name="newUnitChoice" type="hidden" value="pcs" />
                    <div
                      class="base-components__RootElement-sc-1mosoyj-1 styled__Container-sc-6nhkzi-0 jptQqM hSNpTb beans-buybox__container"
                    >
                      <div
                        class="base-components__BaseElement-sc-1mosoyj-0 styled__PriceAndActions-sc-6nhkzi-3 oznwo eEPLov beans-buybox__price-and-actions"
                      >
                        <div
                          class="base-components__RootElement-sc-1mosoyj-1 styled__Container-sc-8qlq5b-0 jptQqM bgZrjw styled__StyledPrice-sc-6nhkzi-5 iYHeik beans-buybox__price beans-price__container"
                        >
                          <p
                            class="styled__StyledHeading-sc-119w3hf-2 jWPEtj styled__Text-sc-8qlq5b-1 lnaeiZ beans-price__text"
                          >
                            £0.75
                          </p>
                          <p
                            class="styled__StyledFootnote-sc-119w3hf-7 icrlVF styled__Subtext-sc-8qlq5b-2 bNJmdc beans-price__subtext"
                          >
                            £3.75/litre
                          </p>
                        </div>
                        <div
                          class="base-components__RootElement-sc-1mosoyj-1 styled__Container-vtxwzb-0 jptQqM bDFhXJ beans-buybox__actions beans-quantity-controls__container"
                        >
                          <div
                            class="base-components__RootElement-sc-1mosoyj-1 styled__Container-sc-16t2b2a-0 jptQqM PUfgZ styled__StyledFormGroup-vtxwzb-1 kzKuAr beans-quantity-controls__form-group beans-form-group__container"
                          >
                            <label
                              class="styled__StyledLabel-sc-1ttuvhr-0 bwxooU beans-form-group__label beans-label"
                              for="quantity-controls-281197852"
                              >Quantity controls
                            </label>
                            <div
                              class="base-components__BaseElement-sc-1mosoyj-0 styled__Children-sc-16t2b2a-3 oznwo gdJvjO beans-form-group__children"
                            >
                              <div
                                class="styled__StyledQuantityControlWrapper-vtxwzb-6 LCxOg"
                              >
                                <label
                                  id="quantity-controls-281197852-label"
                                  class="styled__VisuallyHiddenLabel-vtxwzb-7 gXlLiM"
                                  >add Cow &amp; Gate 3 Growing Up Milk 1-3
                                  Years 200Ml to basket</label
                                ><input
                                  class="base-components__RootElement-sc-1mosoyj-1 styled__StyledInput-sc-1jd5f57-0 jptQqM hupFMH styled__StyledInput-vtxwzb-3 lwMHo beans-quantity-controls__input beans-input"
                                  data-auto="beans-quantity-controls-input"
                                  autocomplete="off"
                                  id="quantity-controls-281197852"
                                  maxlength="2"
                                  name="newValue"
                                  type="number"
                                  aria-labelledby="quantity-controls-281197852-label"
                                  value="1"
                                />
                              </div>
                              <button
                                class="styled__BaseButton-rsekm1-0 styled__PrimaryButton-rsekm1-2 jChbeY geeWOF styled__StyledButton-vtxwzb-5 japAxb beans-quantity-controls__add-button beans-button__container"
                                type="submit"
                                data-auto="beans-quantity-controls-add-button"
                                aria-label="add Cow &amp; Gate 3 Growing Up Milk 1-3 Years 200Ml to basket"
                              >
                                <span
                                  class="base-components__BaseElement-sc-1mosoyj-0 styled__InnerContainer-rsekm1-1 oznwo fuFres beans-button__inner-container"
                                  ><span
                                    class="base-components__BaseElement-sc-1mosoyj-0 styled__TextSpan-rsekm1-4 oznwo GDiMp beans-button__text"
                                    >Add</span
                                  ></span
                                >
                              </button>
                            </div>
                          </div>
                        </div>
                      </div>
                    </div>
                    <input
                      name="_csrf"
                      type="hidden"
                      value="F4ilyTJl-LvtqLgFsBkctxWaUBk6u5LvYpFM"
                    />
                  </form>
                </div>
              </div>
            </div>
            <div class="hidden-medium product-info-section-small">
              <div class="product-info-message-list"></div>
            </div>
          </div>
        </div>
      </div>
    </div>
  </li>
  <li class="product-list--list-item">
    <div class="styles__StyledVerticalTileWrapper-dvv1wj-0 dtCNPH">
      <div
        data-auto="product-tile"
        data-auto-type="Quantity"
        data-auto-available="true"
        data-auto-is-restricted-disabled="false"
        data-auto-is-substitute="false"
        class="styles__StyledVerticalTile-dvv1wj-1 hJqNin"
      >
        <div class="styles__StyledTileContentWrapper-dvv1wj-2 bkNhNP beans">
          <div
            id="tile-256725735"
            data-auto-id="256725735"
            class="styles__StyledTiledContent-dvv1wj-3 bcglTg"
          >
            <a
              href="/groceries/en-GB/products/256725735"
              aria-hidden="true"
              class="product-image-wrapper"
              tabindex="1"
              ><div class="product-image__container">
                <picture
                  ><img
                    class="styled__Image-sjvkdn-0 bJErKA product-image beans-responsive-image__image"
                    src="https://digitalcontent.api.tesco.com/v2/media/ghs/9a445fd5-dd7b-433c-b80d-d22e909f092f/5efddc77-6678-4626-9217-b8244b6e3187_1861980717.jpeg?h=225&amp;w=225"
                    srcset="
                      https://digitalcontent.api.tesco.com/v2/media/ghs/9a445fd5-dd7b-433c-b80d-d22e909f092f/5efddc77-6678-4626-9217-b8244b6e3187_1861980717.jpeg?h=225&amp;w=225  768w,
                      https://digitalcontent.api.tesco.com/v2/media/ghs/9a445fd5-dd7b-433c-b80d-d22e909f092f/5efddc77-6678-4626-9217-b8244b6e3187_1861980717.jpeg?h=225&amp;w=225 4000w
                    "
                    alt="Calpol Infant Sugar Free 100Ml"
                /></picture></div
            ></a>
            <div class="product-details--wrapper">
              <h3>
                <a
                  href="/groceries/en-GB/products/256725735"
                  class="styled__Anchor-sc-1xbujuz-0 bmBCJq beans-link__anchor"
                  data-auto="product-tile--title"
                  ><span
                    class="styled__Text-sc-1xbujuz-1 ldbwMG beans-link__text"
                    >Calpol Infant Sugar Free 100Ml</span
                  ></a
                >
              </h3>
              <div
                class="styles__StyledPromotionsAboveMobile-dvv1wj-7 iPTMuo"
              ></div>
              <div class="styles__StyledProductDetailsContent-dvv1wj-5 ddRSrq">
                <a
                  href="/groceries/en-GB/reviews/submission/256725735?from=%2Fshop%2Fbaby%2Fall"
                  aria-label="Write a review for Calpol Infant Sugar Free 100Ml"
                  class="styled__Anchor-sc-1xbujuz-0 cFilde beans-link__anchor"
                  data-auto="review-link"
                  ><span
                    class="styled__Text-sc-1xbujuz-1 fyDIEo beans-link__text"
                    >Write a review</span
                  ><span
                    class="styled__IconContainer-sc-1xbujuz-2 bSauSL beans-link__icon-container"
                    ><svg
                      aria-hidden="true"
                      class="styled__SVG-xxa4wh-1 hQMCqc beans-link__icon beans-icon__svg"
                      height="13.33"
                      preserveAspectRatio="xMinYMax meet"
                      viewBox="-1 0 12 20"
                      width="8"
                      xmlns="http://www.w3.org/2000/svg"
                      color="currentColor"
                    >
                      <path
                        d="M1.312 1.348L10.276 10l-8.964 8.644"
                        fill="none"
                        stroke="currentColor"
                      ></path></svg></span
                ></a>
                <div>
                  <a
                    href="/groceries/en-GB/shop/health-and-beauty/medicine/kid's-medicine/pain-and-fever-relief"
                    class="styled__Anchor-sc-1xbujuz-0 cFilde beans-link__anchor"
                    ><span
                      class="styled__Text-sc-1xbujuz-1 fyDIEo beans-link__text"
                      >Rest of
                      <span class="visually-hidden"
                        >Pain &amp; Fever Relief</span
                      >
                      shelf</span
                    ><span
                      class="styled__IconContainer-sc-1xbujuz-2 bSauSL beans-link__icon-container"
                      ><svg
                        aria-hidden="true"
                        class="styled__SVG-xxa4wh-1 hQMCqc beans-link__icon beans-icon__svg"
                        height="13.33"
                        preserveAspectRatio="xMinYMax meet"
                        viewBox="-1 0 12 20"
                        width="8"
                        xmlns="http://www.w3.org/2000/svg"
                        color="currentColor"
                      >
                        <path
                          d="M1.312 1.348L10.276 10l-8.964 8.644"
                          fill="none"
                          stroke="currentColor"
                        ></path></svg></span
                  ></a>
                </div>
                <div class="product-info-message-section">
                  <div class="product-info-message-list"></div>
                </div>
              </div>
              <div class="styles__StyledBuyBoxWrapper-dvv1wj-4 dSvjUC">
                <div
                  class="styles__StyledBuyBoxContainer-sc-1wx0qp6-0 dAXuso"
                  data-auto="buybox-container"
                >
                  <form
                    action="/groceries/en-GB/trolley/items/256725735?_method=PUT"
                    method="POST"
                    quantitytype="simple-quantity"
                    class="styles__SafeFormWrapper-jtpu2t-0 lcrYKS"
                  >
                    <input type="submit" class="hidden" /><input
                      name="id"
                      type="hidden"
                      value="256725735"
                    /><input
                      name="identifier"
                      type="hidden"
                      value="Page"
                    /><input
                      name="anchorId"
                      type="hidden"
                      value="#tile-256725735"
                    /><input
                      name="returnUrl"
                      type="hidden"
                      value="/groceries/en-GB/shop/baby/all#tile-256725735"
                    /><input name="backToUrl" type="hidden" value="#" /><input
                      name="oldValue"
                      type="hidden"
                      value="0"
                    /><input
                      name="oldUnitChoice"
                      type="hidden"
                      value="pcs"
                    /><input name="newUnitChoice" type="hidden" value="pcs" />
                    <div
                      class="base-components__RootElement-sc-1mosoyj-1 styled__Container-sc-6nhkzi-0 jptQqM hSNpTb beans-buybox__container"
                    >
                      <div
                        class="base-components__BaseElement-sc-1mosoyj-0 styled__PriceAndActions-sc-6nhkzi-3 oznwo eEPLov beans-buybox__price-and-actions"
                      >
                        <div
                          class="base-components__RootElement-sc-1mosoyj-1 styled__Container-sc-8qlq5b-0 jptQqM bgZrjw styled__StyledPrice-sc-6nhkzi-5 iYHeik beans-buybox__price beans-price__container"
                        >
                          <p
                            class="styled__StyledHeading-sc-119w3hf-2 jWPEtj styled__Text-sc-8qlq5b-1 lnaeiZ beans-price__text"
                          >
                            £3.50
                          </p>
                          <p
                            class="styled__StyledFootnote-sc-119w3hf-7 icrlVF styled__Subtext-sc-8qlq5b-2 bNJmdc beans-price__subtext"
                          >
                            £3.50/100ml
                          </p>
                        </div>
                        <div
                          class="base-components__RootElement-sc-1mosoyj-1 styled__Container-vtxwzb-0 jptQqM bDFhXJ beans-buybox__actions beans-quantity-controls__container"
                        >
                          <div
                            class="base-components__RootElement-sc-1mosoyj-1 styled__Container-sc-16t2b2a-0 jptQqM PUfgZ styled__StyledFormGroup-vtxwzb-1 kzKuAr beans-quantity-controls__form-group beans-form-group__container"
                          >
                            <label
                              class="styled__StyledLabel-sc-1ttuvhr-0 bwxooU beans-form-group__label beans-label"
                              for="quantity-controls-256725735"
                              >Quantity controls
                            </label>
                            <div
                              class="base-components__BaseElement-sc-1mosoyj-0 styled__Children-sc-16t2b2a-3 oznwo gdJvjO beans-form-group__children"
                            >
                              <div
                                class="styled__StyledQuantityControlWrapper-vtxwzb-6 LCxOg"
                              >
                                <label
                                  id="quantity-controls-256725735-label"
                                  class="styled__VisuallyHiddenLabel-vtxwzb-7 gXlLiM"
                                  >add Calpol Infant Sugar Free 100Ml to
                                  basket</label
                                ><input
                                  class="base-components__RootElement-sc-1mosoyj-1 styled__StyledInput-sc-1jd5f57-0 jptQqM hupFMH styled__StyledInput-vtxwzb-3 lwMHo beans-quantity-controls__input beans-input"
                                  data-auto="beans-quantity-controls-input"
                                  autocomplete="off"
                                  id="quantity-controls-256725735"
                                  maxlength="2"
                                  name="newValue"
                                  type="number"
                                  aria-labelledby="quantity-controls-256725735-label"
                                  value="1"
                                />
                              </div>
                              <button
                                class="styled__BaseButton-rsekm1-0 styled__PrimaryButton-rsekm1-2 jChbeY geeWOF styled__StyledButton-vtxwzb-5 japAxb beans-quantity-controls__add-button beans-button__container"
                                type="submit"
                                data-auto="beans-quantity-controls-add-button"
                                aria-label="add Calpol Infant Sugar Free 100Ml to basket"
                              >
                                <span
                                  class="base-components__BaseElement-sc-1mosoyj-0 styled__InnerContainer-rsekm1-1 oznwo fuFres beans-button__inner-container"
                                  ><span
                                    class="base-components__BaseElement-sc-1mosoyj-0 styled__TextSpan-rsekm1-4 oznwo GDiMp beans-button__text"
                                    >Add</span
                                  ></span
                                >
                              </button>
                            </div>
                          </div>
                        </div>
                      </div>
                    </div>
                    <input
                      name="_csrf"
                      type="hidden"
                      value="F4ilyTJl-LvtqLgFsBkctxWaUBk6u5LvYpFM"
                    />
                  </form>
                </div>
              </div>
            </div>
            <div class="hidden-medium product-info-section-small">
              <div class="product-info-message-list"></div>
            </div>
          </div>
        </div>
      </div>
    </div>
  </li>
  <li class="product-list--list-item">
    <div class="styles__StyledVerticalTileWrapper-dvv1wj-0 dtCNPH">
      <div
        data-auto="product-tile"
        data-auto-type="Quantity"
        data-auto-available="true"
        data-auto-is-restricted-disabled="false"
        data-auto-is-substitute="false"
        class="styles__StyledVerticalTile-dvv1wj-1 hJqNin"
      >
        <div class="styles__StyledTileContentWrapper-dvv1wj-2 bkNhNP beans">
          <div
            id="tile-307760718"
            data-auto-id="307760718"
            class="styles__StyledTiledContent-dvv1wj-3 bcglTg"
          >
            <a
              href="/groceries/en-GB/products/307760718"
              aria-hidden="true"
              class="product-image-wrapper"
              tabindex="1"
              ><div class="product-image__container">
                <picture
                  ><img
                    class="styled__Image-sjvkdn-0 bJErKA product-image beans-responsive-image__image"
                    src="https://digitalcontent.api.tesco.com/v2/media/ghs/e634b828-de1b-4c58-a8a9-e4e54f85251d/42823494-cc51-49c1-9dee-768850dcec22_1870684991.jpeg?h=225&amp;w=225"
                    srcset="
                      https://digitalcontent.api.tesco.com/v2/media/ghs/e634b828-de1b-4c58-a8a9-e4e54f85251d/42823494-cc51-49c1-9dee-768850dcec22_1870684991.jpeg?h=225&amp;w=225  768w,
                      https://digitalcontent.api.tesco.com/v2/media/ghs/e634b828-de1b-4c58-a8a9-e4e54f85251d/42823494-cc51-49c1-9dee-768850dcec22_1870684991.jpeg?h=225&amp;w=225 4000w
                    "
                    alt="Waterwipes Biodegradable Baby Wipes 60 Pack"
                /></picture></div
            ></a>
            <div class="product-details--wrapper">
              <h3>
                <a
                  href="/groceries/en-GB/products/307760718"
                  class="styled__Anchor-sc-1xbujuz-0 bmBCJq beans-link__anchor"
                  data-auto="product-tile--title"
                  ><span
                    class="styled__Text-sc-1xbujuz-1 ldbwMG beans-link__text"
                    >Waterwipes Biodegradable Baby Wipes 60 Pack</span
                  ></a
                >
              </h3>
              <div class="styles__StyledProductDetailsContent-dvv1wj-5 ddRSrq">
                <a
                  href="/groceries/en-GB/reviews/submission/307760718?from=%2Fshop%2Fbaby%2Fall"
                  aria-label="Write a review for Waterwipes Biodegradable Baby Wipes 60 Pack"
                  class="styled__Anchor-sc-1xbujuz-0 cFilde beans-link__anchor"
                  data-auto="review-link"
                  ><span
                    class="styled__Text-sc-1xbujuz-1 fyDIEo beans-link__text"
                    >Write a review</span
                  ><span
                    class="styled__IconContainer-sc-1xbujuz-2 bSauSL beans-link__icon-container"
                    ><svg
                      aria-hidden="true"
                      class="styled__SVG-xxa4wh-1 hQMCqc beans-link__icon beans-icon__svg"
                      height="13.33"
                      preserveAspectRatio="xMinYMax meet"
                      viewBox="-1 0 12 20"
                      width="8"
                      xmlns="http://www.w3.org/2000/svg"
                      color="currentColor"
                    >
                      <path
                        d="M1.312 1.348L10.276 10l-8.964 8.644"
                        fill="none"
                        stroke="currentColor"
                      ></path></svg></span
                ></a>
                <div>
                  <a
                    href="/groceries/en-GB/shop/baby/baby-and-toddler-wipes/fragrance-free-baby-wipes/single-pack-fragrance-free-baby-wipes"
                    class="styled__Anchor-sc-1xbujuz-0 cFilde beans-link__anchor"
                    ><span
                      class="styled__Text-sc-1xbujuz-1 fyDIEo beans-link__text"
                      >Rest of
                      <span class="visually-hidden"
                        >Single Pack Fragrance Free Baby Wipes</span
                      >
                      shelf</span
                    ><span
                      class="styled__IconContainer-sc-1xbujuz-2 bSauSL beans-link__icon-container"
                      ><svg
                        aria-hidden="true"
                        class="styled__SVG-xxa4wh-1 hQMCqc beans-link__icon beans-icon__svg"
                        height="13.33"
                        preserveAspectRatio="xMinYMax meet"
                        viewBox="-1 0 12 20"
                        width="8"
                        xmlns="http://www.w3.org/2000/svg"
                        color="currentColor"
                      >
                        <path
                          d="M1.312 1.348L10.276 10l-8.964 8.644"
                          fill="none"
                          stroke="currentColor"
                        ></path></svg></span
                  ></a>
                </div>
                <div class="product-info-message-section">
                  <div class="product-info-message-list"></div>
                </div>
              </div>
              <div
                class="styles__StyledPromotionsWithBuyBoxWrapper-dvv1wj-8 cZskDh"
              >
                <div
                  class="styles__StyledPromotionsAboveMobile-dvv1wj-7 iPTMuo"
                >
                  <div
                    class="styles__StyledPromotionsWithClubcardPriceContainer-sc-1vdpoop-0 bsPFbn"
                  >
                    <div class="styles__StyledClubcardLogo-sc-1vdpoop-2 elOZEB">
                      <div
                        class="styles__Wrapper-sc-1d2phhy-0 hgBuQG undefined special-offer-sash"
                      >
                        <span class="styles__CircleWrapper-sc-1d2phhy-2 hCbzjm"
                          ><strong
                            class="styles__TextWrapper-sc-1d2phhy-1 bLXNGg"
                            >Clubcard Price</strong
                          ></span
                        >
                      </div>
                    </div>
                    <a href="/groceries/en-GB/promotions/88483315"
                      ><div
                        class="styles__ProductPromotionStyling-sc-1vdpoop-3 oqgZF"
                      >
                        <div
                          class="styles__StyledPromotionsOfferContent-sc-1vdpoop-1 cPSekc"
                        >
                          <span class="offer-text">£2.00 Clubcard Price</span>
                        </div>
                        <span class="dates"
                          >Offer valid for delivery from 18/05/2022 until
                          28/06/2022</span
                        >
                      </div></a
                    >
                  </div>
                </div>
                <div class="styles__StyledBuyBoxWrapper-dvv1wj-4 dSvjUC">
                  <div
                    class="styles__StyledBuyBoxContainer-sc-1wx0qp6-0 dAXuso"
                    data-auto="buybox-container"
                  >
                    <form
                      action="/groceries/en-GB/trolley/items/307760718?_method=PUT"
                      method="POST"
                      quantitytype="simple-quantity"
                      class="styles__SafeFormWrapper-jtpu2t-0 lcrYKS"
                    >
                      <input type="submit" class="hidden" /><input
                        name="id"
                        type="hidden"
                        value="307760718"
                      /><input
                        name="identifier"
                        type="hidden"
                        value="Page"
                      /><input
                        name="anchorId"
                        type="hidden"
                        value="#tile-307760718"
                      /><input
                        name="returnUrl"
                        type="hidden"
                        value="/groceries/en-GB/shop/baby/all#tile-307760718"
                      /><input name="backToUrl" type="hidden" value="#" /><input
                        name="oldValue"
                        type="hidden"
                        value="0"
                      /><input
                        name="oldUnitChoice"
                        type="hidden"
                        value="pcs"
                      /><input name="newUnitChoice" type="hidden" value="pcs" />
                      <div
                        class="base-components__RootElement-sc-1mosoyj-1 styled__Container-sc-6nhkzi-0 jptQqM hSNpTb beans-buybox__container"
                      >
                        <div
                          class="base-components__BaseElement-sc-1mosoyj-0 styled__PriceAndActions-sc-6nhkzi-3 oznwo eEPLov beans-buybox__price-and-actions"
                        >
                          <div
                            class="base-components__RootElement-sc-1mosoyj-1 styled__Container-sc-8qlq5b-0 jptQqM bgZrjw styled__StyledPrice-sc-6nhkzi-5 iYHeik beans-buybox__price beans-price__container"
                          >
                            <p
                              class="styled__StyledHeading-sc-119w3hf-2 jWPEtj styled__Text-sc-8qlq5b-1 lnaeiZ beans-price__text"
                            >
                              £3.00
                            </p>
                            <p
                              class="styled__StyledFootnote-sc-119w3hf-7 icrlVF styled__Subtext-sc-8qlq5b-2 bNJmdc beans-price__subtext"
                            >
                              £5.00/100sht
                            </p>
                          </div>
                          <div
                            class="base-components__RootElement-sc-1mosoyj-1 styled__Container-vtxwzb-0 jptQqM bDFhXJ beans-buybox__actions beans-quantity-controls__container"
                          >
                            <div
                              class="base-components__RootElement-sc-1mosoyj-1 styled__Container-sc-16t2b2a-0 jptQqM PUfgZ styled__StyledFormGroup-vtxwzb-1 kzKuAr beans-quantity-controls__form-group beans-form-group__container"
                            >
                              <label
                                class="styled__StyledLabel-sc-1ttuvhr-0 bwxooU beans-form-group__label beans-label"
                                for="quantity-controls-307760718"
                                >Quantity controls
                              </label>
                              <div
                                class="base-components__BaseElement-sc-1mosoyj-0 styled__Children-sc-16t2b2a-3 oznwo gdJvjO beans-form-group__children"
                              >
                                <div
                                  class="styled__StyledQuantityControlWrapper-vtxwzb-6 LCxOg"
                                >
                                  <label
                                    id="quantity-controls-307760718-label"
                                    class="styled__VisuallyHiddenLabel-vtxwzb-7 gXlLiM"
                                    >add Waterwipes Biodegradable Baby Wipes 60
                                    Pack to basket</label
                                  ><input
                                    class="base-components__RootElement-sc-1mosoyj-1 styled__StyledInput-sc-1jd5f57-0 jptQqM hupFMH styled__StyledInput-vtxwzb-3 lwMHo beans-quantity-controls__input beans-input"
                                    data-auto="beans-quantity-controls-input"
                                    autocomplete="off"
                                    id="quantity-controls-307760718"
                                    maxlength="2"
                                    name="newValue"
                                    type="number"
                                    aria-labelledby="quantity-controls-307760718-label"
                                    value="1"
                                  />
                                </div>
                                <button
                                  class="styled__BaseButton-rsekm1-0 styled__PrimaryButton-rsekm1-2 jChbeY geeWOF styled__StyledButton-vtxwzb-5 japAxb beans-quantity-controls__add-button beans-button__container"
                                  type="submit"
                                  data-auto="beans-quantity-controls-add-button"
                                  aria-label="add Waterwipes Biodegradable Baby Wipes 60 Pack to basket"
                                >
                                  <span
                                    class="base-components__BaseElement-sc-1mosoyj-0 styled__InnerContainer-rsekm1-1 oznwo fuFres beans-button__inner-container"
                                    ><span
                                      class="base-components__BaseElement-sc-1mosoyj-0 styled__TextSpan-rsekm1-4 oznwo GDiMp beans-button__text"
                                      >Add</span
                                    ></span
                                  >
                                </button>
                              </div>
                            </div>
                          </div>
                        </div>
                      </div>
                      <input
                        name="_csrf"
                        type="hidden"
                        value="F4ilyTJl-LvtqLgFsBkctxWaUBk6u5LvYpFM"
                      />
                    </form>
                  </div>
                </div>
              </div>
            </div>
            <div class="hidden-medium product-info-section-small">
              <div class="product-info-message-list"></div>
            </div>
          </div>
          <div class="styles__StyledPromotionsMobile-dvv1wj-6 Bxaeb">
            <div>
              <div
                class="styles__StyledPromotionsWithClubcardPriceContainer-sc-1vdpoop-0 bsPFbn"
              >
                <div class="styles__StyledClubcardLogo-sc-1vdpoop-2 elOZEB">
                  <div
                    class="styles__Wrapper-sc-1d2phhy-0 hgBuQG undefined special-offer-sash"
                  >
                    <span class="styles__CircleWrapper-sc-1d2phhy-2 hCbzjm"
                      ><strong class="styles__TextWrapper-sc-1d2phhy-1 bLXNGg"
                        >Clubcard Price</strong
                      ></span
                    >
                  </div>
                </div>
                <a href="/groceries/en-GB/promotions/88483315"
                  ><div
                    class="styles__ProductPromotionStyling-sc-1vdpoop-3 oqgZF"
                  >
                    <div
                      class="styles__StyledPromotionsOfferContent-sc-1vdpoop-1 cPSekc"
                    >
                      <span class="offer-text">£2.00 Clubcard Price</span>
                    </div>
                    <span class="dates"
                      >Offer valid for delivery from 18/05/2022 until
                      28/06/2022</span
                    >
                  </div></a
                >
              </div>
            </div>
          </div>
        </div>
      </div>
    </div>
  </li>
  <li class="product-list--list-item">
    <div class="styles__StyledVerticalTileWrapper-dvv1wj-0 dtCNPH">
      <div
        data-auto="product-tile"
        data-auto-type="Quantity"
        data-auto-available="true"
        data-auto-is-restricted-disabled="false"
        data-auto-is-substitute="false"
        class="styles__StyledVerticalTile-dvv1wj-1 hJqNin"
      >
        <div class="styles__StyledTileContentWrapper-dvv1wj-2 bkNhNP beans">
          <div
            id="tile-298648941"
            data-auto-id="298648941"
            class="styles__StyledTiledContent-dvv1wj-3 bcglTg"
          >
            <a
              href="/groceries/en-GB/products/298648941"
              aria-hidden="true"
              class="product-image-wrapper"
              tabindex="1"
              ><div class="product-image__container">
                <picture
                  ><img
                    class="styled__Image-sjvkdn-0 bJErKA product-image beans-responsive-image__image"
                    src="https://digitalcontent.api.tesco.com/v2/media/ghs/f162c89a-2aaa-4f08-be7e-e93533f1a222/2bf15a09-1c27-4cfa-920d-f1ff5e4fc968_334107798.jpeg?h=225&amp;w=225"
                    srcset="
                      https://digitalcontent.api.tesco.com/v2/media/ghs/f162c89a-2aaa-4f08-be7e-e93533f1a222/2bf15a09-1c27-4cfa-920d-f1ff5e4fc968_334107798.jpeg?h=225&amp;w=225  768w,
                      https://digitalcontent.api.tesco.com/v2/media/ghs/f162c89a-2aaa-4f08-be7e-e93533f1a222/2bf15a09-1c27-4cfa-920d-f1ff5e4fc968_334107798.jpeg?h=225&amp;w=225 4000w
                    "
                    alt="Kiddylicious Veggie Straws Multipack 4X12g"
                /></picture></div
            ></a>
            <div class="product-details--wrapper">
              <h3>
                <a
                  href="/groceries/en-GB/products/298648941"
                  class="styled__Anchor-sc-1xbujuz-0 bmBCJq beans-link__anchor"
                  data-auto="product-tile--title"
                  ><span
                    class="styled__Text-sc-1xbujuz-1 ldbwMG beans-link__text"
                    >Kiddylicious Veggie Straws Multipack 4X12g</span
                  ></a
                >
              </h3>
              <div
                class="styles__StyledPromotionsAboveMobile-dvv1wj-7 iPTMuo"
              ></div>
              <div class="styles__StyledProductDetailsContent-dvv1wj-5 ddRSrq">
                <a
                  href="/groceries/en-GB/reviews/submission/298648941?from=%2Fshop%2Fbaby%2Fall"
                  aria-label="Write a review for Kiddylicious Veggie Straws Multipack 4X12g"
                  class="styled__Anchor-sc-1xbujuz-0 cFilde beans-link__anchor"
                  data-auto="review-link"
                  ><span
                    class="styled__Text-sc-1xbujuz-1 fyDIEo beans-link__text"
                    >Write a review</span
                  ><span
                    class="styled__IconContainer-sc-1xbujuz-2 bSauSL beans-link__icon-container"
                    ><svg
                      aria-hidden="true"
                      class="styled__SVG-xxa4wh-1 hQMCqc beans-link__icon beans-icon__svg"
                      height="13.33"
                      preserveAspectRatio="xMinYMax meet"
                      viewBox="-1 0 12 20"
                      width="8"
                      xmlns="http://www.w3.org/2000/svg"
                      color="currentColor"
                    >
                      <path
                        d="M1.312 1.348L10.276 10l-8.964 8.644"
                        fill="none"
                        stroke="currentColor"
                      ></path></svg></span
                ></a>
                <div>
                  <a
                    href="/groceries/en-GB/shop/baby/baby-and-toddler-food/baby-and-toddler-snacks/baby-and-toddler-snacks-puffs-and-crisps"
                    class="styled__Anchor-sc-1xbujuz-0 cFilde beans-link__anchor"
                    ><span
                      class="styled__Text-sc-1xbujuz-1 fyDIEo beans-link__text"
                      >Rest of
                      <span class="visually-hidden"
                        >Baby &amp; Toddler Snacks, Puffs &amp; Crisps</span
                      >
                      shelf</span
                    ><span
                      class="styled__IconContainer-sc-1xbujuz-2 bSauSL beans-link__icon-container"
                      ><svg
                        aria-hidden="true"
                        class="styled__SVG-xxa4wh-1 hQMCqc beans-link__icon beans-icon__svg"
                        height="13.33"
                        preserveAspectRatio="xMinYMax meet"
                        viewBox="-1 0 12 20"
                        width="8"
                        xmlns="http://www.w3.org/2000/svg"
                        color="currentColor"
                      >
                        <path
                          d="M1.312 1.348L10.276 10l-8.964 8.644"
                          fill="none"
                          stroke="currentColor"
                        ></path></svg></span
                  ></a>
                </div>
                <div class="product-info-message-section">
                  <div class="product-info-message-list"></div>
                </div>
              </div>
              <div class="styles__StyledBuyBoxWrapper-dvv1wj-4 dSvjUC">
                <div
                  class="styles__StyledBuyBoxContainer-sc-1wx0qp6-0 dAXuso"
                  data-auto="buybox-container"
                >
                  <form
                    action="/groceries/en-GB/trolley/items/298648941?_method=PUT"
                    method="POST"
                    quantitytype="simple-quantity"
                    class="styles__SafeFormWrapper-jtpu2t-0 lcrYKS"
                  >
                    <input type="submit" class="hidden" /><input
                      name="id"
                      type="hidden"
                      value="298648941"
                    /><input
                      name="identifier"
                      type="hidden"
                      value="Page"
                    /><input
                      name="anchorId"
                      type="hidden"
                      value="#tile-298648941"
                    /><input
                      name="returnUrl"
                      type="hidden"
                      value="/groceries/en-GB/shop/baby/all#tile-298648941"
                    /><input name="backToUrl" type="hidden" value="#" /><input
                      name="oldValue"
                      type="hidden"
                      value="0"
                    /><input
                      name="oldUnitChoice"
                      type="hidden"
                      value="pcs"
                    /><input name="newUnitChoice" type="hidden" value="pcs" />
                    <div
                      class="base-components__RootElement-sc-1mosoyj-1 styled__Container-sc-6nhkzi-0 jptQqM hSNpTb beans-buybox__container"
                    >
                      <div
                        class="base-components__BaseElement-sc-1mosoyj-0 styled__PriceAndActions-sc-6nhkzi-3 oznwo eEPLov beans-buybox__price-and-actions"
                      >
                        <div
                          class="base-components__RootElement-sc-1mosoyj-1 styled__Container-sc-8qlq5b-0 jptQqM bgZrjw styled__StyledPrice-sc-6nhkzi-5 iYHeik beans-buybox__price beans-price__container"
                        >
                          <p
                            class="styled__StyledHeading-sc-119w3hf-2 jWPEtj styled__Text-sc-8qlq5b-1 lnaeiZ beans-price__text"
                          >
                            £2.65
                          </p>
                          <p
                            class="styled__StyledFootnote-sc-119w3hf-7 icrlVF styled__Subtext-sc-8qlq5b-2 bNJmdc beans-price__subtext"
                          >
                            £5.53/100g
                          </p>
                        </div>
                        <div
                          class="base-components__RootElement-sc-1mosoyj-1 styled__Container-vtxwzb-0 jptQqM bDFhXJ beans-buybox__actions beans-quantity-controls__container"
                        >
                          <div
                            class="base-components__RootElement-sc-1mosoyj-1 styled__Container-sc-16t2b2a-0 jptQqM PUfgZ styled__StyledFormGroup-vtxwzb-1 kzKuAr beans-quantity-controls__form-group beans-form-group__container"
                          >
                            <label
                              class="styled__StyledLabel-sc-1ttuvhr-0 bwxooU beans-form-group__label beans-label"
                              for="quantity-controls-298648941"
                              >Quantity controls
                            </label>
                            <div
                              class="base-components__BaseElement-sc-1mosoyj-0 styled__Children-sc-16t2b2a-3 oznwo gdJvjO beans-form-group__children"
                            >
                              <div
                                class="styled__StyledQuantityControlWrapper-vtxwzb-6 LCxOg"
                              >
                                <label
                                  id="quantity-controls-298648941-label"
                                  class="styled__VisuallyHiddenLabel-vtxwzb-7 gXlLiM"
                                  >add Kiddylicious Veggie Straws Multipack
                                  4X12g to basket</label
                                ><input
                                  class="base-components__RootElement-sc-1mosoyj-1 styled__StyledInput-sc-1jd5f57-0 jptQqM hupFMH styled__StyledInput-vtxwzb-3 lwMHo beans-quantity-controls__input beans-input"
                                  data-auto="beans-quantity-controls-input"
                                  autocomplete="off"
                                  id="quantity-controls-298648941"
                                  maxlength="2"
                                  name="newValue"
                                  type="number"
                                  aria-labelledby="quantity-controls-298648941-label"
                                  value="1"
                                />
                              </div>
                              <button
                                class="styled__BaseButton-rsekm1-0 styled__PrimaryButton-rsekm1-2 jChbeY geeWOF styled__StyledButton-vtxwzb-5 japAxb beans-quantity-controls__add-button beans-button__container"
                                type="submit"
                                data-auto="beans-quantity-controls-add-button"
                                aria-label="add Kiddylicious Veggie Straws Multipack 4X12g to basket"
                              >
                                <span
                                  class="base-components__BaseElement-sc-1mosoyj-0 styled__InnerContainer-rsekm1-1 oznwo fuFres beans-button__inner-container"
                                  ><span
                                    class="base-components__BaseElement-sc-1mosoyj-0 styled__TextSpan-rsekm1-4 oznwo GDiMp beans-button__text"
                                    >Add</span
                                  ></span
                                >
                              </button>
                            </div>
                          </div>
                        </div>
                      </div>
                    </div>
                    <input
                      name="_csrf"
                      type="hidden"
                      value="F4ilyTJl-LvtqLgFsBkctxWaUBk6u5LvYpFM"
                    />
                  </form>
                </div>
              </div>
            </div>
            <div class="hidden-medium product-info-section-small">
              <div class="product-info-message-list"></div>
            </div>
          </div>
        </div>
      </div>
    </div>
  </li>
  <li class="product-list--list-item">
    <div class="styles__StyledVerticalTileWrapper-dvv1wj-0 dtCNPH">
      <div
        data-auto="product-tile"
        data-auto-type="Quantity"
        data-auto-available="true"
        data-auto-is-restricted-disabled="false"
        data-auto-is-substitute="false"
        class="styles__StyledVerticalTile-dvv1wj-1 hJqNin"
      >
        <div class="styles__StyledTileContentWrapper-dvv1wj-2 bkNhNP beans">
          <div
            id="tile-264397281"
            data-auto-id="264397281"
            class="styles__StyledTiledContent-dvv1wj-3 bcglTg"
          >
            <a
              href="/groceries/en-GB/products/264397281"
              aria-hidden="true"
              class="product-image-wrapper"
              tabindex="1"
              ><div class="product-image__container">
                <picture
                  ><img
                    class="styled__Image-sjvkdn-0 bJErKA product-image beans-responsive-image__image"
                    src="https://digitalcontent.api.tesco.com/v2/media/ghs/5e908310-12e0-4f01-8b85-e77cafd85406/38c3d440-e2b1-4495-a875-5377e88a8d9d_1369745725.jpeg?h=225&amp;w=225"
                    srcset="
                      https://digitalcontent.api.tesco.com/v2/media/ghs/5e908310-12e0-4f01-8b85-e77cafd85406/38c3d440-e2b1-4495-a875-5377e88a8d9d_1369745725.jpeg?h=225&amp;w=225  768w,
                      https://digitalcontent.api.tesco.com/v2/media/ghs/5e908310-12e0-4f01-8b85-e77cafd85406/38c3d440-e2b1-4495-a875-5377e88a8d9d_1369745725.jpeg?h=225&amp;w=225 4000w
                    "
                    alt="Comfort Pure Fabric Conditioner 85Wash/3 Litre"
                /></picture></div
            ></a>
            <div class="product-details--wrapper">
              <h3>
                <a
                  href="/groceries/en-GB/products/264397281"
                  class="styled__Anchor-sc-1xbujuz-0 bmBCJq beans-link__anchor"
                  data-auto="product-tile--title"
                  ><span
                    class="styled__Text-sc-1xbujuz-1 ldbwMG beans-link__text"
                    >Comfort Pure Fabric Conditioner 85Wash/3 Litre</span
                  ></a
                >
              </h3>
              <div
                class="styles__StyledPromotionsAboveMobile-dvv1wj-7 iPTMuo"
              ></div>
              <div class="styles__StyledProductDetailsContent-dvv1wj-5 ddRSrq">
                <a
                  href="/groceries/en-GB/reviews/submission/264397281?from=%2Fshop%2Fbaby%2Fall"
                  aria-label="Write a review for Comfort Pure Fabric Conditioner 85Wash/3 Litre"
                  class="styled__Anchor-sc-1xbujuz-0 cFilde beans-link__anchor"
                  data-auto="review-link"
                  ><span
                    class="styled__Text-sc-1xbujuz-1 fyDIEo beans-link__text"
                    >Write a review</span
                  ><span
                    class="styled__IconContainer-sc-1xbujuz-2 bSauSL beans-link__icon-container"
                    ><svg
                      aria-hidden="true"
                      class="styled__SVG-xxa4wh-1 hQMCqc beans-link__icon beans-icon__svg"
                      height="13.33"
                      preserveAspectRatio="xMinYMax meet"
                      viewBox="-1 0 12 20"
                      width="8"
                      xmlns="http://www.w3.org/2000/svg"
                      color="currentColor"
                    >
                      <path
                        d="M1.312 1.348L10.276 10l-8.964 8.644"
                        fill="none"
                        stroke="currentColor"
                      ></path></svg></span
                ></a>
                <div>
                  <a
                    href="/groceries/en-GB/shop/household/laundry/fabric-conditioner/fabric-conditioner"
                    class="styled__Anchor-sc-1xbujuz-0 cFilde beans-link__anchor"
                    ><span
                      class="styled__Text-sc-1xbujuz-1 fyDIEo beans-link__text"
                      >Rest of
                      <span class="visually-hidden">Fabric Conditioner</span>
                      shelf</span
                    ><span
                      class="styled__IconContainer-sc-1xbujuz-2 bSauSL beans-link__icon-container"
                      ><svg
                        aria-hidden="true"
                        class="styled__SVG-xxa4wh-1 hQMCqc beans-link__icon beans-icon__svg"
                        height="13.33"
                        preserveAspectRatio="xMinYMax meet"
                        viewBox="-1 0 12 20"
                        width="8"
                        xmlns="http://www.w3.org/2000/svg"
                        color="currentColor"
                      >
                        <path
                          d="M1.312 1.348L10.276 10l-8.964 8.644"
                          fill="none"
                          stroke="currentColor"
                        ></path></svg></span
                  ></a>
                </div>
                <div class="product-info-message-section">
                  <div class="product-info-message-list"></div>
                </div>
              </div>
              <div class="styles__StyledBuyBoxWrapper-dvv1wj-4 dSvjUC">
                <div
                  class="styles__StyledBuyBoxContainer-sc-1wx0qp6-0 dAXuso"
                  data-auto="buybox-container"
                >
                  <form
                    action="/groceries/en-GB/trolley/items/264397281?_method=PUT"
                    method="POST"
                    quantitytype="simple-quantity"
                    class="styles__SafeFormWrapper-jtpu2t-0 lcrYKS"
                  >
                    <input type="submit" class="hidden" /><input
                      name="id"
                      type="hidden"
                      value="264397281"
                    /><input
                      name="identifier"
                      type="hidden"
                      value="Page"
                    /><input
                      name="anchorId"
                      type="hidden"
                      value="#tile-264397281"
                    /><input
                      name="returnUrl"
                      type="hidden"
                      value="/groceries/en-GB/shop/baby/all#tile-264397281"
                    /><input name="backToUrl" type="hidden" value="#" /><input
                      name="oldValue"
                      type="hidden"
                      value="0"
                    /><input
                      name="oldUnitChoice"
                      type="hidden"
                      value="pcs"
                    /><input name="newUnitChoice" type="hidden" value="pcs" />
                    <div
                      class="base-components__RootElement-sc-1mosoyj-1 styled__Container-sc-6nhkzi-0 jptQqM hSNpTb beans-buybox__container"
                    >
                      <div
                        class="base-components__BaseElement-sc-1mosoyj-0 styled__PriceAndActions-sc-6nhkzi-3 oznwo eEPLov beans-buybox__price-and-actions"
                      >
                        <div
                          class="base-components__RootElement-sc-1mosoyj-1 styled__Container-sc-8qlq5b-0 jptQqM bgZrjw styled__StyledPrice-sc-6nhkzi-5 iYHeik beans-buybox__price beans-price__container"
                        >
                          <p
                            class="styled__StyledHeading-sc-119w3hf-2 jWPEtj styled__Text-sc-8qlq5b-1 lnaeiZ beans-price__text"
                          >
                            £4.50
                          </p>
                          <p
                            class="styled__StyledFootnote-sc-119w3hf-7 icrlVF styled__Subtext-sc-8qlq5b-2 bNJmdc beans-price__subtext"
                          >
                            £1.50/litre
                          </p>
                        </div>
                        <div
                          class="base-components__RootElement-sc-1mosoyj-1 styled__Container-vtxwzb-0 jptQqM bDFhXJ beans-buybox__actions beans-quantity-controls__container"
                        >
                          <div
                            class="base-components__RootElement-sc-1mosoyj-1 styled__Container-sc-16t2b2a-0 jptQqM PUfgZ styled__StyledFormGroup-vtxwzb-1 kzKuAr beans-quantity-controls__form-group beans-form-group__container"
                          >
                            <label
                              class="styled__StyledLabel-sc-1ttuvhr-0 bwxooU beans-form-group__label beans-label"
                              for="quantity-controls-264397281"
                              >Quantity controls
                            </label>
                            <div
                              class="base-components__BaseElement-sc-1mosoyj-0 styled__Children-sc-16t2b2a-3 oznwo gdJvjO beans-form-group__children"
                            >
                              <div
                                class="styled__StyledQuantityControlWrapper-vtxwzb-6 LCxOg"
                              >
                                <label
                                  id="quantity-controls-264397281-label"
                                  class="styled__VisuallyHiddenLabel-vtxwzb-7 gXlLiM"
                                  >add Comfort Pure Fabric Conditioner 85Wash/3
                                  Litre to basket</label
                                ><input
                                  class="base-components__RootElement-sc-1mosoyj-1 styled__StyledInput-sc-1jd5f57-0 jptQqM hupFMH styled__StyledInput-vtxwzb-3 lwMHo beans-quantity-controls__input beans-input"
                                  data-auto="beans-quantity-controls-input"
                                  autocomplete="off"
                                  id="quantity-controls-264397281"
                                  maxlength="2"
                                  name="newValue"
                                  type="number"
                                  aria-labelledby="quantity-controls-264397281-label"
                                  value="1"
                                />
                              </div>
                              <button
                                class="styled__BaseButton-rsekm1-0 styled__PrimaryButton-rsekm1-2 jChbeY geeWOF styled__StyledButton-vtxwzb-5 japAxb beans-quantity-controls__add-button beans-button__container"
                                type="submit"
                                data-auto="beans-quantity-controls-add-button"
                                aria-label="add Comfort Pure Fabric Conditioner 85Wash/3 Litre to basket"
                              >
                                <span
                                  class="base-components__BaseElement-sc-1mosoyj-0 styled__InnerContainer-rsekm1-1 oznwo fuFres beans-button__inner-container"
                                  ><span
                                    class="base-components__BaseElement-sc-1mosoyj-0 styled__TextSpan-rsekm1-4 oznwo GDiMp beans-button__text"
                                    >Add</span
                                  ></span
                                >
                              </button>
                            </div>
                          </div>
                        </div>
                      </div>
                    </div>
                    <input
                      name="_csrf"
                      type="hidden"
                      value="F4ilyTJl-LvtqLgFsBkctxWaUBk6u5LvYpFM"
                    />
                  </form>
                </div>
              </div>
            </div>
            <div class="hidden-medium product-info-section-small">
              <div class="product-info-message-list"></div>
            </div>
          </div>
        </div>
      </div>
    </div>
  </li>
  <li class="product-list--list-item">
    <div class="styles__StyledVerticalTileWrapper-dvv1wj-0 dtCNPH">
      <div
        data-auto="product-tile"
        data-auto-type="Quantity"
        data-auto-available="true"
        data-auto-is-restricted-disabled="false"
        data-auto-is-substitute="false"
        class="styles__StyledVerticalTile-dvv1wj-1 hJqNin"
      >
        <div class="styles__StyledTileContentWrapper-dvv1wj-2 bkNhNP beans">
          <div
            id="tile-306500401"
            data-auto-id="306500401"
            class="styles__StyledTiledContent-dvv1wj-3 bcglTg"
          >
            <a
              href="/groceries/en-GB/products/306500401"
              aria-hidden="true"
              class="product-image-wrapper"
              tabindex="1"
              ><div class="product-image__container">
                <picture
                  ><img
                    class="styled__Image-sjvkdn-0 bJErKA product-image beans-responsive-image__image"
                    src="https://digitalcontent.api.tesco.com/v2/media/ghs/ca3174ae-efbf-456b-9be6-4966caf0838c/df21a4fa-0cc0-4bd0-9219-54f540518356_234634900.jpeg?h=225&amp;w=225"
                    srcset="
                      https://digitalcontent.api.tesco.com/v2/media/ghs/ca3174ae-efbf-456b-9be6-4966caf0838c/df21a4fa-0cc0-4bd0-9219-54f540518356_234634900.jpeg?h=225&amp;w=225  768w,
                      https://digitalcontent.api.tesco.com/v2/media/ghs/ca3174ae-efbf-456b-9be6-4966caf0838c/df21a4fa-0cc0-4bd0-9219-54f540518356_234634900.jpeg?h=225&amp;w=225 4000w
                    "
                    alt="Fred &amp; Flo Biodegradable Fragrance Free 60 Wipes 12 Box"
                /></picture></div
            ></a>
            <div class="product-details--wrapper">
              <h3>
                <a
                  href="/groceries/en-GB/products/306500401"
                  class="styled__Anchor-sc-1xbujuz-0 bmBCJq beans-link__anchor"
                  data-auto="product-tile--title"
                  ><span
                    class="styled__Text-sc-1xbujuz-1 ldbwMG beans-link__text"
                    >Fred &amp; Flo Biodegradable Fragrance Free 60 Wipes 12
                    Box</span
                  ></a
                >
              </h3>
              <div
                class="styles__StyledPromotionsAboveMobile-dvv1wj-7 iPTMuo"
              ></div>
              <div class="styles__StyledProductDetailsContent-dvv1wj-5 ddRSrq">
                <a
                  href="/groceries/en-GB/reviews/submission/306500401?from=%2Fshop%2Fbaby%2Fall"
                  aria-label="Write a review for Fred &amp; Flo Biodegradable Fragrance Free 60 Wipes 12 Box"
                  class="styled__Anchor-sc-1xbujuz-0 cFilde beans-link__anchor"
                  data-auto="review-link"
                  ><span
                    class="styled__Text-sc-1xbujuz-1 fyDIEo beans-link__text"
                    >Write a review</span
                  ><span
                    class="styled__IconContainer-sc-1xbujuz-2 bSauSL beans-link__icon-container"
                    ><svg
                      aria-hidden="true"
                      class="styled__SVG-xxa4wh-1 hQMCqc beans-link__icon beans-icon__svg"
                      height="13.33"
                      preserveAspectRatio="xMinYMax meet"
                      viewBox="-1 0 12 20"
                      width="8"
                      xmlns="http://www.w3.org/2000/svg"
                      color="currentColor"
                    >
                      <path
                        d="M1.312 1.348L10.276 10l-8.964 8.644"
                        fill="none"
                        stroke="currentColor"
                      ></path></svg></span
                ></a>
                <div>
                  <a
                    href="/groceries/en-GB/shop/baby/baby-and-toddler-wipes/fragrance-free-baby-wipes/single-pack-fragrance-free-baby-wipes"
                    class="styled__Anchor-sc-1xbujuz-0 cFilde beans-link__anchor"
                    ><span
                      class="styled__Text-sc-1xbujuz-1 fyDIEo beans-link__text"
                      >Rest of
                      <span class="visually-hidden"
                        >Single Pack Fragrance Free Baby Wipes</span
                      >
                      shelf</span
                    ><span
                      class="styled__IconContainer-sc-1xbujuz-2 bSauSL beans-link__icon-container"
                      ><svg
                        aria-hidden="true"
                        class="styled__SVG-xxa4wh-1 hQMCqc beans-link__icon beans-icon__svg"
                        height="13.33"
                        preserveAspectRatio="xMinYMax meet"
                        viewBox="-1 0 12 20"
                        width="8"
                        xmlns="http://www.w3.org/2000/svg"
                        color="currentColor"
                      >
                        <path
                          d="M1.312 1.348L10.276 10l-8.964 8.644"
                          fill="none"
                          stroke="currentColor"
                        ></path></svg></span
                  ></a>
                </div>
                <div class="product-info-message-section">
                  <div class="product-info-message-list"></div>
                </div>
              </div>
              <div class="styles__StyledBuyBoxWrapper-dvv1wj-4 dSvjUC">
                <div
                  class="styles__StyledBuyBoxContainer-sc-1wx0qp6-0 dAXuso"
                  data-auto="buybox-container"
                >
                  <form
                    action="/groceries/en-GB/trolley/items/306500401?_method=PUT"
                    method="POST"
                    quantitytype="simple-quantity"
                    class="styles__SafeFormWrapper-jtpu2t-0 lcrYKS"
                  >
                    <input type="submit" class="hidden" /><input
                      name="id"
                      type="hidden"
                      value="306500401"
                    /><input
                      name="identifier"
                      type="hidden"
                      value="Page"
                    /><input
                      name="anchorId"
                      type="hidden"
                      value="#tile-306500401"
                    /><input
                      name="returnUrl"
                      type="hidden"
                      value="/groceries/en-GB/shop/baby/all#tile-306500401"
                    /><input name="backToUrl" type="hidden" value="#" /><input
                      name="oldValue"
                      type="hidden"
                      value="0"
                    /><input
                      name="oldUnitChoice"
                      type="hidden"
                      value="pcs"
                    /><input name="newUnitChoice" type="hidden" value="pcs" />
                    <div
                      class="base-components__RootElement-sc-1mosoyj-1 styled__Container-sc-6nhkzi-0 jptQqM hSNpTb beans-buybox__container"
                    >
                      <div
                        class="base-components__BaseElement-sc-1mosoyj-0 styled__PriceAndActions-sc-6nhkzi-3 oznwo eEPLov beans-buybox__price-and-actions"
                      >
                        <div
                          class="base-components__RootElement-sc-1mosoyj-1 styled__Container-sc-8qlq5b-0 jptQqM bgZrjw styled__StyledPrice-sc-6nhkzi-5 iYHeik beans-buybox__price beans-price__container"
                        >
                          <p
                            class="styled__StyledHeading-sc-119w3hf-2 jWPEtj styled__Text-sc-8qlq5b-1 lnaeiZ beans-price__text"
                          >
                            £7.20
                          </p>
                          <p
                            class="styled__StyledFootnote-sc-119w3hf-7 icrlVF styled__Subtext-sc-8qlq5b-2 bNJmdc beans-price__subtext"
                          >
                            £1.00/100sht
                          </p>
                        </div>
                        <div
                          class="base-components__RootElement-sc-1mosoyj-1 styled__Container-vtxwzb-0 jptQqM bDFhXJ beans-buybox__actions beans-quantity-controls__container"
                        >
                          <div
                            class="base-components__RootElement-sc-1mosoyj-1 styled__Container-sc-16t2b2a-0 jptQqM PUfgZ styled__StyledFormGroup-vtxwzb-1 kzKuAr beans-quantity-controls__form-group beans-form-group__container"
                          >
                            <label
                              class="styled__StyledLabel-sc-1ttuvhr-0 bwxooU beans-form-group__label beans-label"
                              for="quantity-controls-306500401"
                              >Quantity controls
                            </label>
                            <div
                              class="base-components__BaseElement-sc-1mosoyj-0 styled__Children-sc-16t2b2a-3 oznwo gdJvjO beans-form-group__children"
                            >
                              <div
                                class="styled__StyledQuantityControlWrapper-vtxwzb-6 LCxOg"
                              >
                                <label
                                  id="quantity-controls-306500401-label"
                                  class="styled__VisuallyHiddenLabel-vtxwzb-7 gXlLiM"
                                  >add Fred &amp; Flo Biodegradable Fragrance
                                  Free 60 Wipes 12 Box to basket</label
                                ><input
                                  class="base-components__RootElement-sc-1mosoyj-1 styled__StyledInput-sc-1jd5f57-0 jptQqM hupFMH styled__StyledInput-vtxwzb-3 lwMHo beans-quantity-controls__input beans-input"
                                  data-auto="beans-quantity-controls-input"
                                  autocomplete="off"
                                  id="quantity-controls-306500401"
                                  maxlength="2"
                                  name="newValue"
                                  type="number"
                                  aria-labelledby="quantity-controls-306500401-label"
                                  value="1"
                                />
                              </div>
                              <button
                                class="styled__BaseButton-rsekm1-0 styled__PrimaryButton-rsekm1-2 jChbeY geeWOF styled__StyledButton-vtxwzb-5 japAxb beans-quantity-controls__add-button beans-button__container"
                                type="submit"
                                data-auto="beans-quantity-controls-add-button"
                                aria-label="add Fred &amp; Flo Biodegradable Fragrance Free 60 Wipes 12 Box to basket"
                              >
                                <span
                                  class="base-components__BaseElement-sc-1mosoyj-0 styled__InnerContainer-rsekm1-1 oznwo fuFres beans-button__inner-container"
                                  ><span
                                    class="base-components__BaseElement-sc-1mosoyj-0 styled__TextSpan-rsekm1-4 oznwo GDiMp beans-button__text"
                                    >Add</span
                                  ></span
                                >
                              </button>
                            </div>
                          </div>
                        </div>
                      </div>
                    </div>
                    <input
                      name="_csrf"
                      type="hidden"
                      value="F4ilyTJl-LvtqLgFsBkctxWaUBk6u5LvYpFM"
                    />
                  </form>
                </div>
              </div>
            </div>
            <div class="hidden-medium product-info-section-small">
              <div class="product-info-message-list"></div>
            </div>
          </div>
        </div>
      </div>
    </div>
  </li>
  <li class="product-list--list-item">
    <div class="styles__StyledVerticalTileWrapper-dvv1wj-0 dtCNPH">
      <div
        data-auto="product-tile"
        data-auto-type="Quantity"
        data-auto-available="true"
        data-auto-is-restricted-disabled="false"
        data-auto-is-substitute="false"
        class="styles__StyledVerticalTile-dvv1wj-1 hJqNin"
      >
        <div class="styles__StyledTileContentWrapper-dvv1wj-2 bkNhNP beans">
          <div
            id="tile-255126023"
            data-auto-id="255126023"
            class="styles__StyledTiledContent-dvv1wj-3 bcglTg"
          >
            <a
              href="/groceries/en-GB/products/255126023"
              aria-hidden="true"
              class="product-image-wrapper"
              tabindex="1"
              ><div class="product-image__container">
                <picture
                  ><img
                    class="styled__Image-sjvkdn-0 bJErKA product-image beans-responsive-image__image"
                    src="https://digitalcontent.api.tesco.com/v2/media/ghs/e3825a35-5862-4593-bbe4-631281dae66b/9790aaa3-0c16-43c8-812d-58b1ecb57f06_124579246.jpeg?h=225&amp;w=225"
                    srcset="
                      https://digitalcontent.api.tesco.com/v2/media/ghs/e3825a35-5862-4593-bbe4-631281dae66b/9790aaa3-0c16-43c8-812d-58b1ecb57f06_124579246.jpeg?h=225&amp;w=225  768w,
                      https://digitalcontent.api.tesco.com/v2/media/ghs/e3825a35-5862-4593-bbe4-631281dae66b/9790aaa3-0c16-43c8-812d-58b1ecb57f06_124579246.jpeg?h=225&amp;w=225 4000w
                    "
                    alt="Organix 12 Month Apple &amp; Raspberry Fruit &amp; Cereal Bar 6X30g"
                /></picture></div
            ></a>
            <div class="product-details--wrapper">
              <h3>
                <a
                  href="/groceries/en-GB/products/255126023"
                  class="styled__Anchor-sc-1xbujuz-0 bmBCJq beans-link__anchor"
                  data-auto="product-tile--title"
                  ><span
                    class="styled__Text-sc-1xbujuz-1 ldbwMG beans-link__text"
                    >Organix 12 Month Apple &amp; Raspberry Fruit &amp; Cereal
                    Bar 6X30g</span
                  ></a
                >
              </h3>
              <div
                class="styles__StyledPromotionsAboveMobile-dvv1wj-7 iPTMuo"
              ></div>
              <div class="styles__StyledProductDetailsContent-dvv1wj-5 ddRSrq">
                <a
                  href="/groceries/en-GB/reviews/submission/255126023?from=%2Fshop%2Fbaby%2Fall"
                  aria-label="Write a review for Organix 12 Month Apple &amp; Raspberry Fruit &amp; Cereal Bar 6X30g"
                  class="styled__Anchor-sc-1xbujuz-0 cFilde beans-link__anchor"
                  data-auto="review-link"
                  ><span
                    class="styled__Text-sc-1xbujuz-1 fyDIEo beans-link__text"
                    >Write a review</span
                  ><span
                    class="styled__IconContainer-sc-1xbujuz-2 bSauSL beans-link__icon-container"
                    ><svg
                      aria-hidden="true"
                      class="styled__SVG-xxa4wh-1 hQMCqc beans-link__icon beans-icon__svg"
                      height="13.33"
                      preserveAspectRatio="xMinYMax meet"
                      viewBox="-1 0 12 20"
                      width="8"
                      xmlns="http://www.w3.org/2000/svg"
                      color="currentColor"
                    >
                      <path
                        d="M1.312 1.348L10.276 10l-8.964 8.644"
                        fill="none"
                        stroke="currentColor"
                      ></path></svg></span
                ></a>
                <div>
                  <a
                    href="/groceries/en-GB/shop/baby/baby-and-toddler-food/baby-and-toddler-snacks/baby-and-toddler-snack-bars"
                    class="styled__Anchor-sc-1xbujuz-0 cFilde beans-link__anchor"
                    ><span
                      class="styled__Text-sc-1xbujuz-1 fyDIEo beans-link__text"
                      >Rest of
                      <span class="visually-hidden"
                        >Baby &amp; Toddler Snack Bars</span
                      >
                      shelf</span
                    ><span
                      class="styled__IconContainer-sc-1xbujuz-2 bSauSL beans-link__icon-container"
                      ><svg
                        aria-hidden="true"
                        class="styled__SVG-xxa4wh-1 hQMCqc beans-link__icon beans-icon__svg"
                        height="13.33"
                        preserveAspectRatio="xMinYMax meet"
                        viewBox="-1 0 12 20"
                        width="8"
                        xmlns="http://www.w3.org/2000/svg"
                        color="currentColor"
                      >
                        <path
                          d="M1.312 1.348L10.276 10l-8.964 8.644"
                          fill="none"
                          stroke="currentColor"
                        ></path></svg></span
                  ></a>
                </div>
                <div class="product-info-message-section">
                  <div class="product-info-message-list"></div>
                </div>
              </div>
              <div class="styles__StyledBuyBoxWrapper-dvv1wj-4 dSvjUC">
                <div
                  class="styles__StyledBuyBoxContainer-sc-1wx0qp6-0 dAXuso"
                  data-auto="buybox-container"
                >
                  <form
                    action="/groceries/en-GB/trolley/items/255126023?_method=PUT"
                    method="POST"
                    quantitytype="simple-quantity"
                    class="styles__SafeFormWrapper-jtpu2t-0 lcrYKS"
                  >
                    <input type="submit" class="hidden" /><input
                      name="id"
                      type="hidden"
                      value="255126023"
                    /><input
                      name="identifier"
                      type="hidden"
                      value="Page"
                    /><input
                      name="anchorId"
                      type="hidden"
                      value="#tile-255126023"
                    /><input
                      name="returnUrl"
                      type="hidden"
                      value="/groceries/en-GB/shop/baby/all#tile-255126023"
                    /><input name="backToUrl" type="hidden" value="#" /><input
                      name="oldValue"
                      type="hidden"
                      value="0"
                    /><input
                      name="oldUnitChoice"
                      type="hidden"
                      value="pcs"
                    /><input name="newUnitChoice" type="hidden" value="pcs" />
                    <div
                      class="base-components__RootElement-sc-1mosoyj-1 styled__Container-sc-6nhkzi-0 jptQqM hSNpTb beans-buybox__container"
                    >
                      <div
                        class="base-components__BaseElement-sc-1mosoyj-0 styled__PriceAndActions-sc-6nhkzi-3 oznwo eEPLov beans-buybox__price-and-actions"
                      >
                        <div
                          class="base-components__RootElement-sc-1mosoyj-1 styled__Container-sc-8qlq5b-0 jptQqM bgZrjw styled__StyledPrice-sc-6nhkzi-5 iYHeik beans-buybox__price beans-price__container"
                        >
                          <p
                            class="styled__StyledHeading-sc-119w3hf-2 jWPEtj styled__Text-sc-8qlq5b-1 lnaeiZ beans-price__text"
                          >
                            £2.50
                          </p>
                          <p
                            class="styled__StyledFootnote-sc-119w3hf-7 icrlVF styled__Subtext-sc-8qlq5b-2 bNJmdc beans-price__subtext"
                          >
                            £1.39/100g
                          </p>
                        </div>
                        <div
                          class="base-components__RootElement-sc-1mosoyj-1 styled__Container-vtxwzb-0 jptQqM bDFhXJ beans-buybox__actions beans-quantity-controls__container"
                        >
                          <div
                            class="base-components__RootElement-sc-1mosoyj-1 styled__Container-sc-16t2b2a-0 jptQqM PUfgZ styled__StyledFormGroup-vtxwzb-1 kzKuAr beans-quantity-controls__form-group beans-form-group__container"
                          >
                            <label
                              class="styled__StyledLabel-sc-1ttuvhr-0 bwxooU beans-form-group__label beans-label"
                              for="quantity-controls-255126023"
                              >Quantity controls
                            </label>
                            <div
                              class="base-components__BaseElement-sc-1mosoyj-0 styled__Children-sc-16t2b2a-3 oznwo gdJvjO beans-form-group__children"
                            >
                              <div
                                class="styled__StyledQuantityControlWrapper-vtxwzb-6 LCxOg"
                              >
                                <label
                                  id="quantity-controls-255126023-label"
                                  class="styled__VisuallyHiddenLabel-vtxwzb-7 gXlLiM"
                                  >add Organix 12 Month Apple &amp; Raspberry
                                  Fruit &amp; Cereal Bar 6X30g to basket</label
                                ><input
                                  class="base-components__RootElement-sc-1mosoyj-1 styled__StyledInput-sc-1jd5f57-0 jptQqM hupFMH styled__StyledInput-vtxwzb-3 lwMHo beans-quantity-controls__input beans-input"
                                  data-auto="beans-quantity-controls-input"
                                  autocomplete="off"
                                  id="quantity-controls-255126023"
                                  maxlength="2"
                                  name="newValue"
                                  type="number"
                                  aria-labelledby="quantity-controls-255126023-label"
                                  value="1"
                                />
                              </div>
                              <button
                                class="styled__BaseButton-rsekm1-0 styled__PrimaryButton-rsekm1-2 jChbeY geeWOF styled__StyledButton-vtxwzb-5 japAxb beans-quantity-controls__add-button beans-button__container"
                                type="submit"
                                data-auto="beans-quantity-controls-add-button"
                                aria-label="add Organix 12 Month Apple &amp; Raspberry Fruit &amp; Cereal Bar 6X30g to basket"
                              >
                                <span
                                  class="base-components__BaseElement-sc-1mosoyj-0 styled__InnerContainer-rsekm1-1 oznwo fuFres beans-button__inner-container"
                                  ><span
                                    class="base-components__BaseElement-sc-1mosoyj-0 styled__TextSpan-rsekm1-4 oznwo GDiMp beans-button__text"
                                    >Add</span
                                  ></span
                                >
                              </button>
                            </div>
                          </div>
                        </div>
                      </div>
                    </div>
                    <input
                      name="_csrf"
                      type="hidden"
                      value="F4ilyTJl-LvtqLgFsBkctxWaUBk6u5LvYpFM"
                    />
                  </form>
                </div>
              </div>
            </div>
            <div class="hidden-medium product-info-section-small">
              <div class="product-info-message-list"></div>
            </div>
          </div>
        </div>
      </div>
    </div>
  </li>
  <li class="product-list--list-item">
    <div class="styles__StyledVerticalTileWrapper-dvv1wj-0 dtCNPH">
      <div
        data-auto="product-tile"
        data-auto-type="Quantity"
        data-auto-available="true"
        data-auto-is-restricted-disabled="false"
        data-auto-is-substitute="false"
        class="styles__StyledVerticalTile-dvv1wj-1 hJqNin"
      >
        <div class="styles__StyledTileContentWrapper-dvv1wj-2 bkNhNP beans">
          <div
            id="tile-296704763"
            data-auto-id="296704763"
            class="styles__StyledTiledContent-dvv1wj-3 bcglTg"
          >
            <a
              href="/groceries/en-GB/products/296704763"
              aria-hidden="true"
              class="product-image-wrapper"
              tabindex="1"
              ><div class="product-image__container">
                <picture
                  ><img
                    class="styled__Image-sjvkdn-0 bJErKA product-image beans-responsive-image__image"
                    src="https://digitalcontent.api.tesco.com/v2/media/ghs/8c7d9b10-b031-4254-9e2e-284ca6e1b4ba/9ad315d7-19e1-4295-964c-45c43433a45d_86039439.jpeg?h=225&amp;w=225"
                    srcset="
                      https://digitalcontent.api.tesco.com/v2/media/ghs/8c7d9b10-b031-4254-9e2e-284ca6e1b4ba/9ad315d7-19e1-4295-964c-45c43433a45d_86039439.jpeg?h=225&amp;w=225  768w,
                      https://digitalcontent.api.tesco.com/v2/media/ghs/8c7d9b10-b031-4254-9e2e-284ca6e1b4ba/9ad315d7-19e1-4295-964c-45c43433a45d_86039439.jpeg?h=225&amp;w=225 4000w
                    "
                    alt="Kiddylicious Strawberry Bakes 6 X 22G"
                /></picture></div
            ></a>
            <div class="product-details--wrapper">
              <h3>
                <a
                  href="/groceries/en-GB/products/296704763"
                  class="styled__Anchor-sc-1xbujuz-0 bmBCJq beans-link__anchor"
                  data-auto="product-tile--title"
                  ><span
                    class="styled__Text-sc-1xbujuz-1 ldbwMG beans-link__text"
                    >Kiddylicious Strawberry Bakes 6 X 22G</span
                  ></a
                >
              </h3>
              <div
                class="styles__StyledPromotionsAboveMobile-dvv1wj-7 iPTMuo"
              ></div>
              <div class="styles__StyledProductDetailsContent-dvv1wj-5 ddRSrq">
                <a
                  href="/groceries/en-GB/reviews/submission/296704763?from=%2Fshop%2Fbaby%2Fall"
                  aria-label="Write a review for Kiddylicious Strawberry Bakes 6 X 22G"
                  class="styled__Anchor-sc-1xbujuz-0 cFilde beans-link__anchor"
                  data-auto="review-link"
                  ><span
                    class="styled__Text-sc-1xbujuz-1 fyDIEo beans-link__text"
                    >Write a review</span
                  ><span
                    class="styled__IconContainer-sc-1xbujuz-2 bSauSL beans-link__icon-container"
                    ><svg
                      aria-hidden="true"
                      class="styled__SVG-xxa4wh-1 hQMCqc beans-link__icon beans-icon__svg"
                      height="13.33"
                      preserveAspectRatio="xMinYMax meet"
                      viewBox="-1 0 12 20"
                      width="8"
                      xmlns="http://www.w3.org/2000/svg"
                      color="currentColor"
                    >
                      <path
                        d="M1.312 1.348L10.276 10l-8.964 8.644"
                        fill="none"
                        stroke="currentColor"
                      ></path></svg></span
                ></a>
                <div>
                  <a
                    href="/groceries/en-GB/shop/baby/baby-and-toddler-food/baby-and-toddler-snacks/baby-and-toddler-snacks-biscuits-and-biscotti"
                    class="styled__Anchor-sc-1xbujuz-0 cFilde beans-link__anchor"
                    ><span
                      class="styled__Text-sc-1xbujuz-1 fyDIEo beans-link__text"
                      >Rest of
                      <span class="visually-hidden"
                        >Baby &amp; Toddler Snacks, Biscuits &amp;
                        Biscotti</span
                      >
                      shelf</span
                    ><span
                      class="styled__IconContainer-sc-1xbujuz-2 bSauSL beans-link__icon-container"
                      ><svg
                        aria-hidden="true"
                        class="styled__SVG-xxa4wh-1 hQMCqc beans-link__icon beans-icon__svg"
                        height="13.33"
                        preserveAspectRatio="xMinYMax meet"
                        viewBox="-1 0 12 20"
                        width="8"
                        xmlns="http://www.w3.org/2000/svg"
                        color="currentColor"
                      >
                        <path
                          d="M1.312 1.348L10.276 10l-8.964 8.644"
                          fill="none"
                          stroke="currentColor"
                        ></path></svg></span
                  ></a>
                </div>
                <div class="product-info-message-section">
                  <div class="product-info-message-list"></div>
                </div>
              </div>
              <div class="styles__StyledBuyBoxWrapper-dvv1wj-4 dSvjUC">
                <div
                  class="styles__StyledBuyBoxContainer-sc-1wx0qp6-0 dAXuso"
                  data-auto="buybox-container"
                >
                  <form
                    action="/groceries/en-GB/trolley/items/296704763?_method=PUT"
                    method="POST"
                    quantitytype="simple-quantity"
                    class="styles__SafeFormWrapper-jtpu2t-0 lcrYKS"
                  >
                    <input type="submit" class="hidden" /><input
                      name="id"
                      type="hidden"
                      value="296704763"
                    /><input
                      name="identifier"
                      type="hidden"
                      value="Page"
                    /><input
                      name="anchorId"
                      type="hidden"
                      value="#tile-296704763"
                    /><input
                      name="returnUrl"
                      type="hidden"
                      value="/groceries/en-GB/shop/baby/all#tile-296704763"
                    /><input name="backToUrl" type="hidden" value="#" /><input
                      name="oldValue"
                      type="hidden"
                      value="0"
                    /><input
                      name="oldUnitChoice"
                      type="hidden"
                      value="pcs"
                    /><input name="newUnitChoice" type="hidden" value="pcs" />
                    <div
                      class="base-components__RootElement-sc-1mosoyj-1 styled__Container-sc-6nhkzi-0 jptQqM hSNpTb beans-buybox__container"
                    >
                      <div
                        class="base-components__BaseElement-sc-1mosoyj-0 styled__PriceAndActions-sc-6nhkzi-3 oznwo eEPLov beans-buybox__price-and-actions"
                      >
                        <div
                          class="base-components__RootElement-sc-1mosoyj-1 styled__Container-sc-8qlq5b-0 jptQqM bgZrjw styled__StyledPrice-sc-6nhkzi-5 iYHeik beans-buybox__price beans-price__container"
                        >
                          <p
                            class="styled__StyledHeading-sc-119w3hf-2 jWPEtj styled__Text-sc-8qlq5b-1 lnaeiZ beans-price__text"
                          >
                            £1.99
                          </p>
                          <p
                            class="styled__StyledFootnote-sc-119w3hf-7 icrlVF styled__Subtext-sc-8qlq5b-2 bNJmdc beans-price__subtext"
                          >
                            £1.51/100g
                          </p>
                        </div>
                        <div
                          class="base-components__RootElement-sc-1mosoyj-1 styled__Container-vtxwzb-0 jptQqM bDFhXJ beans-buybox__actions beans-quantity-controls__container"
                        >
                          <div
                            class="base-components__RootElement-sc-1mosoyj-1 styled__Container-sc-16t2b2a-0 jptQqM PUfgZ styled__StyledFormGroup-vtxwzb-1 kzKuAr beans-quantity-controls__form-group beans-form-group__container"
                          >
                            <label
                              class="styled__StyledLabel-sc-1ttuvhr-0 bwxooU beans-form-group__label beans-label"
                              for="quantity-controls-296704763"
                              >Quantity controls
                            </label>
                            <div
                              class="base-components__BaseElement-sc-1mosoyj-0 styled__Children-sc-16t2b2a-3 oznwo gdJvjO beans-form-group__children"
                            >
                              <div
                                class="styled__StyledQuantityControlWrapper-vtxwzb-6 LCxOg"
                              >
                                <label
                                  id="quantity-controls-296704763-label"
                                  class="styled__VisuallyHiddenLabel-vtxwzb-7 gXlLiM"
                                  >add Kiddylicious Strawberry Bakes 6 X 22G to
                                  basket</label
                                ><input
                                  class="base-components__RootElement-sc-1mosoyj-1 styled__StyledInput-sc-1jd5f57-0 jptQqM hupFMH styled__StyledInput-vtxwzb-3 lwMHo beans-quantity-controls__input beans-input"
                                  data-auto="beans-quantity-controls-input"
                                  autocomplete="off"
                                  id="quantity-controls-296704763"
                                  maxlength="2"
                                  name="newValue"
                                  type="number"
                                  aria-labelledby="quantity-controls-296704763-label"
                                  value="1"
                                />
                              </div>
                              <button
                                class="styled__BaseButton-rsekm1-0 styled__PrimaryButton-rsekm1-2 jChbeY geeWOF styled__StyledButton-vtxwzb-5 japAxb beans-quantity-controls__add-button beans-button__container"
                                type="submit"
                                data-auto="beans-quantity-controls-add-button"
                                aria-label="add Kiddylicious Strawberry Bakes 6 X 22G to basket"
                              >
                                <span
                                  class="base-components__BaseElement-sc-1mosoyj-0 styled__InnerContainer-rsekm1-1 oznwo fuFres beans-button__inner-container"
                                  ><span
                                    class="base-components__BaseElement-sc-1mosoyj-0 styled__TextSpan-rsekm1-4 oznwo GDiMp beans-button__text"
                                    >Add</span
                                  ></span
                                >
                              </button>
                            </div>
                          </div>
                        </div>
                      </div>
                    </div>
                    <input
                      name="_csrf"
                      type="hidden"
                      value="F4ilyTJl-LvtqLgFsBkctxWaUBk6u5LvYpFM"
                    />
                  </form>
                </div>
              </div>
            </div>
            <div class="hidden-medium product-info-section-small">
              <div class="product-info-message-list"></div>
            </div>
          </div>
        </div>
      </div>
    </div>
  </li>
  <li class="product-list--list-item">
    <div class="styles__StyledVerticalTileWrapper-dvv1wj-0 dtCNPH">
      <div
        data-auto="product-tile"
        data-auto-type="Quantity"
        data-auto-available="true"
        data-auto-is-restricted-disabled="false"
        data-auto-is-substitute="false"
        class="styles__StyledVerticalTile-dvv1wj-1 hJqNin"
      >
        <div class="styles__StyledTileContentWrapper-dvv1wj-2 bkNhNP beans">
          <div
            id="tile-278233874"
            data-auto-id="278233874"
            class="styles__StyledTiledContent-dvv1wj-3 bcglTg"
          >
            <a
              href="/groceries/en-GB/products/278233874"
              aria-hidden="true"
              class="product-image-wrapper"
              tabindex="1"
              ><div class="product-image__container">
                <picture
                  ><img
                    class="styled__Image-sjvkdn-0 bJErKA product-image beans-responsive-image__image"
                    src="https://digitalcontent.api.tesco.com/v2/media/ghs/ffed456a-1d4e-4e57-9374-66a3ea58175d/13153990-3b81-4842-9201-a36a6ab33c02_1442712508.jpeg?h=225&amp;w=225"
                    srcset="
                      https://digitalcontent.api.tesco.com/v2/media/ghs/ffed456a-1d4e-4e57-9374-66a3ea58175d/13153990-3b81-4842-9201-a36a6ab33c02_1442712508.jpeg?h=225&amp;w=225  768w,
                      https://digitalcontent.api.tesco.com/v2/media/ghs/ffed456a-1d4e-4e57-9374-66a3ea58175d/13153990-3b81-4842-9201-a36a6ab33c02_1442712508.jpeg?h=225&amp;w=225 4000w
                    "
                    alt="Organix 12 Month Strawberry Cereal Bar 6X30g"
                /></picture></div
            ></a>
            <div class="product-details--wrapper">
              <h3>
                <a
                  href="/groceries/en-GB/products/278233874"
                  class="styled__Anchor-sc-1xbujuz-0 bmBCJq beans-link__anchor"
                  data-auto="product-tile--title"
                  ><span
                    class="styled__Text-sc-1xbujuz-1 ldbwMG beans-link__text"
                    >Organix 12 Month Strawberry Cereal Bar 6X30g</span
                  ></a
                >
              </h3>
              <div
                class="styles__StyledPromotionsAboveMobile-dvv1wj-7 iPTMuo"
              ></div>
              <div class="styles__StyledProductDetailsContent-dvv1wj-5 ddRSrq">
                <a
                  href="/groceries/en-GB/reviews/submission/278233874?from=%2Fshop%2Fbaby%2Fall"
                  aria-label="Write a review for Organix 12 Month Strawberry Cereal Bar 6X30g"
                  class="styled__Anchor-sc-1xbujuz-0 cFilde beans-link__anchor"
                  data-auto="review-link"
                  ><span
                    class="styled__Text-sc-1xbujuz-1 fyDIEo beans-link__text"
                    >Write a review</span
                  ><span
                    class="styled__IconContainer-sc-1xbujuz-2 bSauSL beans-link__icon-container"
                    ><svg
                      aria-hidden="true"
                      class="styled__SVG-xxa4wh-1 hQMCqc beans-link__icon beans-icon__svg"
                      height="13.33"
                      preserveAspectRatio="xMinYMax meet"
                      viewBox="-1 0 12 20"
                      width="8"
                      xmlns="http://www.w3.org/2000/svg"
                      color="currentColor"
                    >
                      <path
                        d="M1.312 1.348L10.276 10l-8.964 8.644"
                        fill="none"
                        stroke="currentColor"
                      ></path></svg></span
                ></a>
                <div>
                  <a
                    href="/groceries/en-GB/shop/baby/baby-and-toddler-food/baby-and-toddler-snacks/baby-and-toddler-snack-bars"
                    class="styled__Anchor-sc-1xbujuz-0 cFilde beans-link__anchor"
                    ><span
                      class="styled__Text-sc-1xbujuz-1 fyDIEo beans-link__text"
                      >Rest of
                      <span class="visually-hidden"
                        >Baby &amp; Toddler Snack Bars</span
                      >
                      shelf</span
                    ><span
                      class="styled__IconContainer-sc-1xbujuz-2 bSauSL beans-link__icon-container"
                      ><svg
                        aria-hidden="true"
                        class="styled__SVG-xxa4wh-1 hQMCqc beans-link__icon beans-icon__svg"
                        height="13.33"
                        preserveAspectRatio="xMinYMax meet"
                        viewBox="-1 0 12 20"
                        width="8"
                        xmlns="http://www.w3.org/2000/svg"
                        color="currentColor"
                      >
                        <path
                          d="M1.312 1.348L10.276 10l-8.964 8.644"
                          fill="none"
                          stroke="currentColor"
                        ></path></svg></span
                  ></a>
                </div>
                <div class="product-info-message-section">
                  <div class="product-info-message-list"></div>
                </div>
              </div>
              <div class="styles__StyledBuyBoxWrapper-dvv1wj-4 dSvjUC">
                <div
                  class="styles__StyledBuyBoxContainer-sc-1wx0qp6-0 dAXuso"
                  data-auto="buybox-container"
                >
                  <form
                    action="/groceries/en-GB/trolley/items/278233874?_method=PUT"
                    method="POST"
                    quantitytype="simple-quantity"
                    class="styles__SafeFormWrapper-jtpu2t-0 lcrYKS"
                  >
                    <input type="submit" class="hidden" /><input
                      name="id"
                      type="hidden"
                      value="278233874"
                    /><input
                      name="identifier"
                      type="hidden"
                      value="Page"
                    /><input
                      name="anchorId"
                      type="hidden"
                      value="#tile-278233874"
                    /><input
                      name="returnUrl"
                      type="hidden"
                      value="/groceries/en-GB/shop/baby/all#tile-278233874"
                    /><input name="backToUrl" type="hidden" value="#" /><input
                      name="oldValue"
                      type="hidden"
                      value="0"
                    /><input
                      name="oldUnitChoice"
                      type="hidden"
                      value="pcs"
                    /><input name="newUnitChoice" type="hidden" value="pcs" />
                    <div
                      class="base-components__RootElement-sc-1mosoyj-1 styled__Container-sc-6nhkzi-0 jptQqM hSNpTb beans-buybox__container"
                    >
                      <div
                        class="base-components__BaseElement-sc-1mosoyj-0 styled__PriceAndActions-sc-6nhkzi-3 oznwo eEPLov beans-buybox__price-and-actions"
                      >
                        <div
                          class="base-components__RootElement-sc-1mosoyj-1 styled__Container-sc-8qlq5b-0 jptQqM bgZrjw styled__StyledPrice-sc-6nhkzi-5 iYHeik beans-buybox__price beans-price__container"
                        >
                          <p
                            class="styled__StyledHeading-sc-119w3hf-2 jWPEtj styled__Text-sc-8qlq5b-1 lnaeiZ beans-price__text"
                          >
                            £2.50
                          </p>
                          <p
                            class="styled__StyledFootnote-sc-119w3hf-7 icrlVF styled__Subtext-sc-8qlq5b-2 bNJmdc beans-price__subtext"
                          >
                            £1.39/100g
                          </p>
                        </div>
                        <div
                          class="base-components__RootElement-sc-1mosoyj-1 styled__Container-vtxwzb-0 jptQqM bDFhXJ beans-buybox__actions beans-quantity-controls__container"
                        >
                          <div
                            class="base-components__RootElement-sc-1mosoyj-1 styled__Container-sc-16t2b2a-0 jptQqM PUfgZ styled__StyledFormGroup-vtxwzb-1 kzKuAr beans-quantity-controls__form-group beans-form-group__container"
                          >
                            <label
                              class="styled__StyledLabel-sc-1ttuvhr-0 bwxooU beans-form-group__label beans-label"
                              for="quantity-controls-278233874"
                              >Quantity controls
                            </label>
                            <div
                              class="base-components__BaseElement-sc-1mosoyj-0 styled__Children-sc-16t2b2a-3 oznwo gdJvjO beans-form-group__children"
                            >
                              <div
                                class="styled__StyledQuantityControlWrapper-vtxwzb-6 LCxOg"
                              >
                                <label
                                  id="quantity-controls-278233874-label"
                                  class="styled__VisuallyHiddenLabel-vtxwzb-7 gXlLiM"
                                  >add Organix 12 Month Strawberry Cereal Bar
                                  6X30g to basket</label
                                ><input
                                  class="base-components__RootElement-sc-1mosoyj-1 styled__StyledInput-sc-1jd5f57-0 jptQqM hupFMH styled__StyledInput-vtxwzb-3 lwMHo beans-quantity-controls__input beans-input"
                                  data-auto="beans-quantity-controls-input"
                                  autocomplete="off"
                                  id="quantity-controls-278233874"
                                  maxlength="2"
                                  name="newValue"
                                  type="number"
                                  aria-labelledby="quantity-controls-278233874-label"
                                  value="1"
                                />
                              </div>
                              <button
                                class="styled__BaseButton-rsekm1-0 styled__PrimaryButton-rsekm1-2 jChbeY geeWOF styled__StyledButton-vtxwzb-5 japAxb beans-quantity-controls__add-button beans-button__container"
                                type="submit"
                                data-auto="beans-quantity-controls-add-button"
                                aria-label="add Organix 12 Month Strawberry Cereal Bar 6X30g to basket"
                              >
                                <span
                                  class="base-components__BaseElement-sc-1mosoyj-0 styled__InnerContainer-rsekm1-1 oznwo fuFres beans-button__inner-container"
                                  ><span
                                    class="base-components__BaseElement-sc-1mosoyj-0 styled__TextSpan-rsekm1-4 oznwo GDiMp beans-button__text"
                                    >Add</span
                                  ></span
                                >
                              </button>
                            </div>
                          </div>
                        </div>
                      </div>
                    </div>
                    <input
                      name="_csrf"
                      type="hidden"
                      value="F4ilyTJl-LvtqLgFsBkctxWaUBk6u5LvYpFM"
                    />
                  </form>
                </div>
              </div>
            </div>
            <div class="hidden-medium product-info-section-small">
              <div class="product-info-message-list"></div>
            </div>
          </div>
        </div>
      </div>
    </div>
  </li>
  <li class="product-list--list-item">
    <div class="styles__StyledVerticalTileWrapper-dvv1wj-0 dtCNPH">
      <div
        data-auto="product-tile"
        data-auto-type="Quantity"
        data-auto-available="true"
        data-auto-is-restricted-disabled="false"
        data-auto-is-substitute="false"
        class="styles__StyledVerticalTile-dvv1wj-1 hJqNin"
      >
        <div class="styles__StyledTileContentWrapper-dvv1wj-2 bkNhNP beans">
          <div
            id="tile-282247363"
            data-auto-id="282247363"
            class="styles__StyledTiledContent-dvv1wj-3 bcglTg"
          >
            <a
              href="/groceries/en-GB/products/282247363"
              aria-hidden="true"
              class="product-image-wrapper"
              tabindex="1"
              ><div class="product-image__container">
                <picture
                  ><img
                    class="styled__Image-sjvkdn-0 bJErKA product-image beans-responsive-image__image"
                    src="https://digitalcontent.api.tesco.com/v2/media/ghs/e36739e0-70d0-46e0-82a6-3bae399a85a6/b42d8c5f-08f1-433f-87a0-97a2b3b0f4cd_1251097439.jpeg?h=225&amp;w=225"
                    srcset="
                      https://digitalcontent.api.tesco.com/v2/media/ghs/e36739e0-70d0-46e0-82a6-3bae399a85a6/b42d8c5f-08f1-433f-87a0-97a2b3b0f4cd_1251097439.jpeg?h=225&amp;w=225  768w,
                      https://digitalcontent.api.tesco.com/v2/media/ghs/e36739e0-70d0-46e0-82a6-3bae399a85a6/b42d8c5f-08f1-433f-87a0-97a2b3b0f4cd_1251097439.jpeg?h=225&amp;w=225 4000w
                    "
                    alt="Ella's Kitchen Prunes 70G"
                /></picture></div
            ></a>
            <div class="product-details--wrapper">
              <h3>
                <a
                  href="/groceries/en-GB/products/282247363"
                  class="styled__Anchor-sc-1xbujuz-0 bmBCJq beans-link__anchor"
                  data-auto="product-tile--title"
                  ><span
                    class="styled__Text-sc-1xbujuz-1 ldbwMG beans-link__text"
                    >Ella's Kitchen Prunes 70G</span
                  ></a
                >
              </h3>
              <div
                class="styles__StyledPromotionsAboveMobile-dvv1wj-7 iPTMuo"
              ></div>
              <div class="styles__StyledProductDetailsContent-dvv1wj-5 ddRSrq">
                <a
                  href="/groceries/en-GB/reviews/submission/282247363?from=%2Fshop%2Fbaby%2Fall"
                  aria-label="Write a review for Ella's Kitchen Prunes 70G"
                  class="styled__Anchor-sc-1xbujuz-0 cFilde beans-link__anchor"
                  data-auto="review-link"
                  ><span
                    class="styled__Text-sc-1xbujuz-1 fyDIEo beans-link__text"
                    >Write a review</span
                  ><span
                    class="styled__IconContainer-sc-1xbujuz-2 bSauSL beans-link__icon-container"
                    ><svg
                      aria-hidden="true"
                      class="styled__SVG-xxa4wh-1 hQMCqc beans-link__icon beans-icon__svg"
                      height="13.33"
                      preserveAspectRatio="xMinYMax meet"
                      viewBox="-1 0 12 20"
                      width="8"
                      xmlns="http://www.w3.org/2000/svg"
                      color="currentColor"
                    >
                      <path
                        d="M1.312 1.348L10.276 10l-8.964 8.644"
                        fill="none"
                        stroke="currentColor"
                      ></path></svg></span
                ></a>
                <div>
                  <a
                    href="/groceries/en-GB/shop/baby/baby-and-toddler-food/stage-1-(4-6+-months)/baby-and-toddler-early-weaning"
                    class="styled__Anchor-sc-1xbujuz-0 cFilde beans-link__anchor"
                    ><span
                      class="styled__Text-sc-1xbujuz-1 fyDIEo beans-link__text"
                      >Rest of
                      <span class="visually-hidden"
                        >Baby &amp; Toddler Early Weaning</span
                      >
                      shelf</span
                    ><span
                      class="styled__IconContainer-sc-1xbujuz-2 bSauSL beans-link__icon-container"
                      ><svg
                        aria-hidden="true"
                        class="styled__SVG-xxa4wh-1 hQMCqc beans-link__icon beans-icon__svg"
                        height="13.33"
                        preserveAspectRatio="xMinYMax meet"
                        viewBox="-1 0 12 20"
                        width="8"
                        xmlns="http://www.w3.org/2000/svg"
                        color="currentColor"
                      >
                        <path
                          d="M1.312 1.348L10.276 10l-8.964 8.644"
                          fill="none"
                          stroke="currentColor"
                        ></path></svg></span
                  ></a>
                </div>
                <div class="product-info-message-section">
                  <div class="product-info-message-list"></div>
                </div>
              </div>
              <div class="styles__StyledBuyBoxWrapper-dvv1wj-4 dSvjUC">
                <div
                  class="styles__StyledBuyBoxContainer-sc-1wx0qp6-0 dAXuso"
                  data-auto="buybox-container"
                >
                  <form
                    action="/groceries/en-GB/trolley/items/282247363?_method=PUT"
                    method="POST"
                    quantitytype="simple-quantity"
                    class="styles__SafeFormWrapper-jtpu2t-0 lcrYKS"
                  >
                    <input type="submit" class="hidden" /><input
                      name="id"
                      type="hidden"
                      value="282247363"
                    /><input
                      name="identifier"
                      type="hidden"
                      value="Page"
                    /><input
                      name="anchorId"
                      type="hidden"
                      value="#tile-282247363"
                    /><input
                      name="returnUrl"
                      type="hidden"
                      value="/groceries/en-GB/shop/baby/all#tile-282247363"
                    /><input name="backToUrl" type="hidden" value="#" /><input
                      name="oldValue"
                      type="hidden"
                      value="0"
                    /><input
                      name="oldUnitChoice"
                      type="hidden"
                      value="pcs"
                    /><input name="newUnitChoice" type="hidden" value="pcs" />
                    <div
                      class="base-components__RootElement-sc-1mosoyj-1 styled__Container-sc-6nhkzi-0 jptQqM hSNpTb beans-buybox__container"
                    >
                      <div
                        class="base-components__BaseElement-sc-1mosoyj-0 styled__PriceAndActions-sc-6nhkzi-3 oznwo eEPLov beans-buybox__price-and-actions"
                      >
                        <div
                          class="base-components__RootElement-sc-1mosoyj-1 styled__Container-sc-8qlq5b-0 jptQqM bgZrjw styled__StyledPrice-sc-6nhkzi-5 iYHeik beans-buybox__price beans-price__container"
                        >
                          <p
                            class="styled__StyledHeading-sc-119w3hf-2 jWPEtj styled__Text-sc-8qlq5b-1 lnaeiZ beans-price__text"
                          >
                            £0.90
                          </p>
                          <p
                            class="styled__StyledFootnote-sc-119w3hf-7 icrlVF styled__Subtext-sc-8qlq5b-2 bNJmdc beans-price__subtext"
                          >
                            £1.29/100g
                          </p>
                        </div>
                        <div
                          class="base-components__RootElement-sc-1mosoyj-1 styled__Container-vtxwzb-0 jptQqM bDFhXJ beans-buybox__actions beans-quantity-controls__container"
                        >
                          <div
                            class="base-components__RootElement-sc-1mosoyj-1 styled__Container-sc-16t2b2a-0 jptQqM PUfgZ styled__StyledFormGroup-vtxwzb-1 kzKuAr beans-quantity-controls__form-group beans-form-group__container"
                          >
                            <label
                              class="styled__StyledLabel-sc-1ttuvhr-0 bwxooU beans-form-group__label beans-label"
                              for="quantity-controls-282247363"
                              >Quantity controls
                            </label>
                            <div
                              class="base-components__BaseElement-sc-1mosoyj-0 styled__Children-sc-16t2b2a-3 oznwo gdJvjO beans-form-group__children"
                            >
                              <div
                                class="styled__StyledQuantityControlWrapper-vtxwzb-6 LCxOg"
                              >
                                <label
                                  id="quantity-controls-282247363-label"
                                  class="styled__VisuallyHiddenLabel-vtxwzb-7 gXlLiM"
                                  >add Ella's Kitchen Prunes 70G to
                                  basket</label
                                ><input
                                  class="base-components__RootElement-sc-1mosoyj-1 styled__StyledInput-sc-1jd5f57-0 jptQqM hupFMH styled__StyledInput-vtxwzb-3 lwMHo beans-quantity-controls__input beans-input"
                                  data-auto="beans-quantity-controls-input"
                                  autocomplete="off"
                                  id="quantity-controls-282247363"
                                  maxlength="2"
                                  name="newValue"
                                  type="number"
                                  aria-labelledby="quantity-controls-282247363-label"
                                  value="1"
                                />
                              </div>
                              <button
                                class="styled__BaseButton-rsekm1-0 styled__PrimaryButton-rsekm1-2 jChbeY geeWOF styled__StyledButton-vtxwzb-5 japAxb beans-quantity-controls__add-button beans-button__container"
                                type="submit"
                                data-auto="beans-quantity-controls-add-button"
                                aria-label="add Ella's Kitchen Prunes 70G to basket"
                              >
                                <span
                                  class="base-components__BaseElement-sc-1mosoyj-0 styled__InnerContainer-rsekm1-1 oznwo fuFres beans-button__inner-container"
                                  ><span
                                    class="base-components__BaseElement-sc-1mosoyj-0 styled__TextSpan-rsekm1-4 oznwo GDiMp beans-button__text"
                                    >Add</span
                                  ></span
                                >
                              </button>
                            </div>
                          </div>
                        </div>
                      </div>
                    </div>
                    <input
                      name="_csrf"
                      type="hidden"
                      value="F4ilyTJl-LvtqLgFsBkctxWaUBk6u5LvYpFM"
                    />
                  </form>
                </div>
              </div>
            </div>
            <div class="hidden-medium product-info-section-small">
              <div class="product-info-message-list"></div>
            </div>
          </div>
        </div>
      </div>
    </div>
  </li>
  <li class="product-list--list-item">
    <div class="styles__StyledVerticalTileWrapper-dvv1wj-0 dtCNPH">
      <div
        data-auto="product-tile"
        data-auto-type="Quantity"
        data-auto-available="true"
        data-auto-is-restricted-disabled="false"
        data-auto-is-substitute="false"
        class="styles__StyledVerticalTile-dvv1wj-1 hJqNin"
      >
        <div class="styles__StyledTileContentWrapper-dvv1wj-2 bkNhNP beans">
          <div
            id="tile-261476025"
            data-auto-id="261476025"
            class="styles__StyledTiledContent-dvv1wj-3 bcglTg"
          >
            <a
              href="/groceries/en-GB/products/261476025"
              aria-hidden="true"
              class="product-image-wrapper"
              tabindex="1"
              ><div class="product-image__container">
                <picture
                  ><img
                    class="styled__Image-sjvkdn-0 bJErKA product-image beans-responsive-image__image"
                    src="https://digitalcontent.api.tesco.com/v2/media/ghs/4eb79384-a74d-4888-9b17-ba8d18a6c593/9de2ac30-fa5b-40ba-8198-c6f7531b9182_1742787562.jpeg?h=225&amp;w=225"
                    srcset="
                      https://digitalcontent.api.tesco.com/v2/media/ghs/4eb79384-a74d-4888-9b17-ba8d18a6c593/9de2ac30-fa5b-40ba-8198-c6f7531b9182_1742787562.jpeg?h=225&amp;w=225  768w,
                      https://digitalcontent.api.tesco.com/v2/media/ghs/4eb79384-a74d-4888-9b17-ba8d18a6c593/9de2ac30-fa5b-40ba-8198-c6f7531b9182_1742787562.jpeg?h=225&amp;w=225 4000w
                    "
                    alt="Organix 12 Month Goodies Carrot Cake Bar 6X30g"
                /></picture></div
            ></a>
            <div class="product-details--wrapper">
              <h3>
                <a
                  href="/groceries/en-GB/products/261476025"
                  class="styled__Anchor-sc-1xbujuz-0 bmBCJq beans-link__anchor"
                  data-auto="product-tile--title"
                  ><span
                    class="styled__Text-sc-1xbujuz-1 ldbwMG beans-link__text"
                    >Organix 12 Month Goodies Carrot Cake Bar 6X30g</span
                  ></a
                >
              </h3>
              <div
                class="styles__StyledPromotionsAboveMobile-dvv1wj-7 iPTMuo"
              ></div>
              <div class="styles__StyledProductDetailsContent-dvv1wj-5 ddRSrq">
                <a
                  href="/groceries/en-GB/reviews/submission/261476025?from=%2Fshop%2Fbaby%2Fall"
                  aria-label="Write a review for Organix 12 Month Goodies Carrot Cake Bar 6X30g"
                  class="styled__Anchor-sc-1xbujuz-0 cFilde beans-link__anchor"
                  data-auto="review-link"
                  ><span
                    class="styled__Text-sc-1xbujuz-1 fyDIEo beans-link__text"
                    >Write a review</span
                  ><span
                    class="styled__IconContainer-sc-1xbujuz-2 bSauSL beans-link__icon-container"
                    ><svg
                      aria-hidden="true"
                      class="styled__SVG-xxa4wh-1 hQMCqc beans-link__icon beans-icon__svg"
                      height="13.33"
                      preserveAspectRatio="xMinYMax meet"
                      viewBox="-1 0 12 20"
                      width="8"
                      xmlns="http://www.w3.org/2000/svg"
                      color="currentColor"
                    >
                      <path
                        d="M1.312 1.348L10.276 10l-8.964 8.644"
                        fill="none"
                        stroke="currentColor"
                      ></path></svg></span
                ></a>
                <div>
                  <a
                    href="/groceries/en-GB/shop/baby/baby-and-toddler-food/baby-and-toddler-snacks/baby-and-toddler-snack-bars"
                    class="styled__Anchor-sc-1xbujuz-0 cFilde beans-link__anchor"
                    ><span
                      class="styled__Text-sc-1xbujuz-1 fyDIEo beans-link__text"
                      >Rest of
                      <span class="visually-hidden"
                        >Baby &amp; Toddler Snack Bars</span
                      >
                      shelf</span
                    ><span
                      class="styled__IconContainer-sc-1xbujuz-2 bSauSL beans-link__icon-container"
                      ><svg
                        aria-hidden="true"
                        class="styled__SVG-xxa4wh-1 hQMCqc beans-link__icon beans-icon__svg"
                        height="13.33"
                        preserveAspectRatio="xMinYMax meet"
                        viewBox="-1 0 12 20"
                        width="8"
                        xmlns="http://www.w3.org/2000/svg"
                        color="currentColor"
                      >
                        <path
                          d="M1.312 1.348L10.276 10l-8.964 8.644"
                          fill="none"
                          stroke="currentColor"
                        ></path></svg></span
                  ></a>
                </div>
                <div class="product-info-message-section">
                  <div class="product-info-message-list"></div>
                </div>
              </div>
              <div class="styles__StyledBuyBoxWrapper-dvv1wj-4 dSvjUC">
                <div
                  class="styles__StyledBuyBoxContainer-sc-1wx0qp6-0 dAXuso"
                  data-auto="buybox-container"
                >
                  <form
                    action="/groceries/en-GB/trolley/items/261476025?_method=PUT"
                    method="POST"
                    quantitytype="simple-quantity"
                    class="styles__SafeFormWrapper-jtpu2t-0 lcrYKS"
                  >
                    <input type="submit" class="hidden" /><input
                      name="id"
                      type="hidden"
                      value="261476025"
                    /><input
                      name="identifier"
                      type="hidden"
                      value="Page"
                    /><input
                      name="anchorId"
                      type="hidden"
                      value="#tile-261476025"
                    /><input
                      name="returnUrl"
                      type="hidden"
                      value="/groceries/en-GB/shop/baby/all#tile-261476025"
                    /><input name="backToUrl" type="hidden" value="#" /><input
                      name="oldValue"
                      type="hidden"
                      value="0"
                    /><input
                      name="oldUnitChoice"
                      type="hidden"
                      value="pcs"
                    /><input name="newUnitChoice" type="hidden" value="pcs" />
                    <div
                      class="base-components__RootElement-sc-1mosoyj-1 styled__Container-sc-6nhkzi-0 jptQqM hSNpTb beans-buybox__container"
                    >
                      <div
                        class="base-components__BaseElement-sc-1mosoyj-0 styled__PriceAndActions-sc-6nhkzi-3 oznwo eEPLov beans-buybox__price-and-actions"
                      >
                        <div
                          class="base-components__RootElement-sc-1mosoyj-1 styled__Container-sc-8qlq5b-0 jptQqM bgZrjw styled__StyledPrice-sc-6nhkzi-5 iYHeik beans-buybox__price beans-price__container"
                        >
                          <p
                            class="styled__StyledHeading-sc-119w3hf-2 jWPEtj styled__Text-sc-8qlq5b-1 lnaeiZ beans-price__text"
                          >
                            £2.50
                          </p>
                          <p
                            class="styled__StyledFootnote-sc-119w3hf-7 icrlVF styled__Subtext-sc-8qlq5b-2 bNJmdc beans-price__subtext"
                          >
                            £1.39/100g
                          </p>
                        </div>
                        <div
                          class="base-components__RootElement-sc-1mosoyj-1 styled__Container-vtxwzb-0 jptQqM bDFhXJ beans-buybox__actions beans-quantity-controls__container"
                        >
                          <div
                            class="base-components__RootElement-sc-1mosoyj-1 styled__Container-sc-16t2b2a-0 jptQqM PUfgZ styled__StyledFormGroup-vtxwzb-1 kzKuAr beans-quantity-controls__form-group beans-form-group__container"
                          >
                            <label
                              class="styled__StyledLabel-sc-1ttuvhr-0 bwxooU beans-form-group__label beans-label"
                              for="quantity-controls-261476025"
                              >Quantity controls
                            </label>
                            <div
                              class="base-components__BaseElement-sc-1mosoyj-0 styled__Children-sc-16t2b2a-3 oznwo gdJvjO beans-form-group__children"
                            >
                              <div
                                class="styled__StyledQuantityControlWrapper-vtxwzb-6 LCxOg"
                              >
                                <label
                                  id="quantity-controls-261476025-label"
                                  class="styled__VisuallyHiddenLabel-vtxwzb-7 gXlLiM"
                                  >add Organix 12 Month Goodies Carrot Cake Bar
                                  6X30g to basket</label
                                ><input
                                  class="base-components__RootElement-sc-1mosoyj-1 styled__StyledInput-sc-1jd5f57-0 jptQqM hupFMH styled__StyledInput-vtxwzb-3 lwMHo beans-quantity-controls__input beans-input"
                                  data-auto="beans-quantity-controls-input"
                                  autocomplete="off"
                                  id="quantity-controls-261476025"
                                  maxlength="2"
                                  name="newValue"
                                  type="number"
                                  aria-labelledby="quantity-controls-261476025-label"
                                  value="1"
                                />
                              </div>
                              <button
                                class="styled__BaseButton-rsekm1-0 styled__PrimaryButton-rsekm1-2 jChbeY geeWOF styled__StyledButton-vtxwzb-5 japAxb beans-quantity-controls__add-button beans-button__container"
                                type="submit"
                                data-auto="beans-quantity-controls-add-button"
                                aria-label="add Organix 12 Month Goodies Carrot Cake Bar 6X30g to basket"
                              >
                                <span
                                  class="base-components__BaseElement-sc-1mosoyj-0 styled__InnerContainer-rsekm1-1 oznwo fuFres beans-button__inner-container"
                                  ><span
                                    class="base-components__BaseElement-sc-1mosoyj-0 styled__TextSpan-rsekm1-4 oznwo GDiMp beans-button__text"
                                    >Add</span
                                  ></span
                                >
                              </button>
                            </div>
                          </div>
                        </div>
                      </div>
                    </div>
                    <input
                      name="_csrf"
                      type="hidden"
                      value="F4ilyTJl-LvtqLgFsBkctxWaUBk6u5LvYpFM"
                    />
                  </form>
                </div>
              </div>
            </div>
            <div class="hidden-medium product-info-section-small">
              <div class="product-info-message-list"></div>
            </div>
          </div>
        </div>
      </div>
    </div>
  </li>
  <li class="product-list--list-item">
    <div class="styles__StyledVerticalTileWrapper-dvv1wj-0 dtCNPH">
      <div
        data-auto="product-tile"
        data-auto-type="Quantity"
        data-auto-available="true"
        data-auto-is-restricted-disabled="false"
        data-auto-is-substitute="false"
        class="styles__StyledVerticalTile-dvv1wj-1 hJqNin"
      >
        <div class="styles__StyledTileContentWrapper-dvv1wj-2 bkNhNP beans">
          <div
            id="tile-273925110"
            data-auto-id="273925110"
            class="styles__StyledTiledContent-dvv1wj-3 bcglTg"
          >
            <a
              href="/groceries/en-GB/products/273925110"
              aria-hidden="true"
              class="product-image-wrapper"
              tabindex="1"
              ><div class="product-image__container">
                <picture
                  ><img
                    class="styled__Image-sjvkdn-0 bJErKA product-image beans-responsive-image__image"
                    src="https://digitalcontent.api.tesco.com/v2/media/ghs/bb380a80-e1d4-472e-9ae4-f99baf63406f/0356c428-ad33-46cf-8d33-de24b67dddf8_1685132033.jpeg?h=225&amp;w=225"
                    srcset="
                      https://digitalcontent.api.tesco.com/v2/media/ghs/bb380a80-e1d4-472e-9ae4-f99baf63406f/0356c428-ad33-46cf-8d33-de24b67dddf8_1685132033.jpeg?h=225&amp;w=225  768w,
                      https://digitalcontent.api.tesco.com/v2/media/ghs/bb380a80-e1d4-472e-9ae4-f99baf63406f/0356c428-ad33-46cf-8d33-de24b67dddf8_1685132033.jpeg?h=225&amp;w=225 4000w
                    "
                    alt="Kiddylicious Strawberry &amp; Banana Smoothie Melts 6G"
                /></picture></div
            ></a>
            <div class="product-details--wrapper">
              <h3>
                <a
                  href="/groceries/en-GB/products/273925110"
                  class="styled__Anchor-sc-1xbujuz-0 bmBCJq beans-link__anchor"
                  data-auto="product-tile--title"
                  ><span
                    class="styled__Text-sc-1xbujuz-1 ldbwMG beans-link__text"
                    >Kiddylicious Strawberry &amp; Banana Smoothie Melts
                    6G</span
                  ></a
                >
              </h3>
              <div class="styles__StyledProductDetailsContent-dvv1wj-5 ddRSrq">
                <a
                  href="/groceries/en-GB/reviews/submission/273925110?from=%2Fshop%2Fbaby%2Fall"
                  aria-label="Write a review for Kiddylicious Strawberry &amp; Banana Smoothie Melts 6G"
                  class="styled__Anchor-sc-1xbujuz-0 cFilde beans-link__anchor"
                  data-auto="review-link"
                  ><span
                    class="styled__Text-sc-1xbujuz-1 fyDIEo beans-link__text"
                    >Write a review</span
                  ><span
                    class="styled__IconContainer-sc-1xbujuz-2 bSauSL beans-link__icon-container"
                    ><svg
                      aria-hidden="true"
                      class="styled__SVG-xxa4wh-1 hQMCqc beans-link__icon beans-icon__svg"
                      height="13.33"
                      preserveAspectRatio="xMinYMax meet"
                      viewBox="-1 0 12 20"
                      width="8"
                      xmlns="http://www.w3.org/2000/svg"
                      color="currentColor"
                    >
                      <path
                        d="M1.312 1.348L10.276 10l-8.964 8.644"
                        fill="none"
                        stroke="currentColor"
                      ></path></svg></span
                ></a>
                <div>
                  <a
                    href="/groceries/en-GB/shop/baby/baby-and-toddler-food/baby-and-toddler-snacks/baby-and-toddler-fruit-snacks"
                    class="styled__Anchor-sc-1xbujuz-0 cFilde beans-link__anchor"
                    ><span
                      class="styled__Text-sc-1xbujuz-1 fyDIEo beans-link__text"
                      >Rest of
                      <span class="visually-hidden"
                        >Baby &amp; Toddler Fruit Snacks</span
                      >
                      shelf</span
                    ><span
                      class="styled__IconContainer-sc-1xbujuz-2 bSauSL beans-link__icon-container"
                      ><svg
                        aria-hidden="true"
                        class="styled__SVG-xxa4wh-1 hQMCqc beans-link__icon beans-icon__svg"
                        height="13.33"
                        preserveAspectRatio="xMinYMax meet"
                        viewBox="-1 0 12 20"
                        width="8"
                        xmlns="http://www.w3.org/2000/svg"
                        color="currentColor"
                      >
                        <path
                          d="M1.312 1.348L10.276 10l-8.964 8.644"
                          fill="none"
                          stroke="currentColor"
                        ></path></svg></span
                  ></a>
                </div>
                <div class="product-info-message-section">
                  <div class="product-info-message-list"></div>
                </div>
              </div>
              <div
                class="styles__StyledPromotionsWithBuyBoxWrapper-dvv1wj-8 cZskDh"
              >
                <div
                  class="styles__StyledPromotionsAboveMobile-dvv1wj-7 iPTMuo"
                >
                  <div
                    class="styles__StyledPromotionsWithClubcardPriceContainer-sc-1vdpoop-0 bsPFbn"
                  >
                    <div class="styles__StyledClubcardLogo-sc-1vdpoop-2 elOZEB">
                      <div
                        class="styles__Wrapper-sc-1d2phhy-0 hgBuQG undefined special-offer-sash"
                      >
                        <span class="styles__CircleWrapper-sc-1d2phhy-2 hCbzjm"
                          ><strong
                            class="styles__TextWrapper-sc-1d2phhy-1 bLXNGg"
                            >Clubcard Price</strong
                          ></span
                        >
                      </div>
                    </div>
                    <a href="/groceries/en-GB/promotions/88512315"
                      ><div
                        class="styles__ProductPromotionStyling-sc-1vdpoop-3 oqgZF"
                      >
                        <div
                          class="styles__StyledPromotionsOfferContent-sc-1vdpoop-1 cPSekc"
                        >
                          <span class="offer-text"
                            >Any 6 for £3 Clubcard Price - Selected Organix Or
                            Kiddylicious Baby Food 6g - 20g</span
                          >
                        </div>
                        <span class="dates"
                          >Offer valid for delivery from 18/05/2022 until
                          28/06/2022</span
                        >
                      </div></a
                    >
                  </div>
                </div>
                <div class="styles__StyledBuyBoxWrapper-dvv1wj-4 dSvjUC">
                  <div
                    class="styles__StyledBuyBoxContainer-sc-1wx0qp6-0 dAXuso"
                    data-auto="buybox-container"
                  >
                    <form
                      action="/groceries/en-GB/trolley/items/273925110?_method=PUT"
                      method="POST"
                      quantitytype="simple-quantity"
                      class="styles__SafeFormWrapper-jtpu2t-0 lcrYKS"
                    >
                      <input type="submit" class="hidden" /><input
                        name="id"
                        type="hidden"
                        value="273925110"
                      /><input
                        name="identifier"
                        type="hidden"
                        value="Page"
                      /><input
                        name="anchorId"
                        type="hidden"
                        value="#tile-273925110"
                      /><input
                        name="returnUrl"
                        type="hidden"
                        value="/groceries/en-GB/shop/baby/all#tile-273925110"
                      /><input name="backToUrl" type="hidden" value="#" /><input
                        name="oldValue"
                        type="hidden"
                        value="0"
                      /><input
                        name="oldUnitChoice"
                        type="hidden"
                        value="pcs"
                      /><input name="newUnitChoice" type="hidden" value="pcs" />
                      <div
                        class="base-components__RootElement-sc-1mosoyj-1 styled__Container-sc-6nhkzi-0 jptQqM hSNpTb beans-buybox__container"
                      >
                        <div
                          class="base-components__BaseElement-sc-1mosoyj-0 styled__PriceAndActions-sc-6nhkzi-3 oznwo eEPLov beans-buybox__price-and-actions"
                        >
                          <div
                            class="base-components__RootElement-sc-1mosoyj-1 styled__Container-sc-8qlq5b-0 jptQqM bgZrjw styled__StyledPrice-sc-6nhkzi-5 iYHeik beans-buybox__price beans-price__container"
                          >
                            <p
                              class="styled__StyledHeading-sc-119w3hf-2 jWPEtj styled__Text-sc-8qlq5b-1 lnaeiZ beans-price__text"
                            >
                              £0.70
                            </p>
                            <p
                              class="styled__StyledFootnote-sc-119w3hf-7 icrlVF styled__Subtext-sc-8qlq5b-2 bNJmdc beans-price__subtext"
                            >
                              £11.67/100g
                            </p>
                          </div>
                          <div
                            class="base-components__RootElement-sc-1mosoyj-1 styled__Container-vtxwzb-0 jptQqM bDFhXJ beans-buybox__actions beans-quantity-controls__container"
                          >
                            <div
                              class="base-components__RootElement-sc-1mosoyj-1 styled__Container-sc-16t2b2a-0 jptQqM PUfgZ styled__StyledFormGroup-vtxwzb-1 kzKuAr beans-quantity-controls__form-group beans-form-group__container"
                            >
                              <label
                                class="styled__StyledLabel-sc-1ttuvhr-0 bwxooU beans-form-group__label beans-label"
                                for="quantity-controls-273925110"
                                >Quantity controls
                              </label>
                              <div
                                class="base-components__BaseElement-sc-1mosoyj-0 styled__Children-sc-16t2b2a-3 oznwo gdJvjO beans-form-group__children"
                              >
                                <div
                                  class="styled__StyledQuantityControlWrapper-vtxwzb-6 LCxOg"
                                >
                                  <label
                                    id="quantity-controls-273925110-label"
                                    class="styled__VisuallyHiddenLabel-vtxwzb-7 gXlLiM"
                                    >add Kiddylicious Strawberry &amp; Banana
                                    Smoothie Melts 6G to basket</label
                                  ><input
                                    class="base-components__RootElement-sc-1mosoyj-1 styled__StyledInput-sc-1jd5f57-0 jptQqM hupFMH styled__StyledInput-vtxwzb-3 lwMHo beans-quantity-controls__input beans-input"
                                    data-auto="beans-quantity-controls-input"
                                    autocomplete="off"
                                    id="quantity-controls-273925110"
                                    maxlength="2"
                                    name="newValue"
                                    type="number"
                                    aria-labelledby="quantity-controls-273925110-label"
                                    value="1"
                                  />
                                </div>
                                <button
                                  class="styled__BaseButton-rsekm1-0 styled__PrimaryButton-rsekm1-2 jChbeY geeWOF styled__StyledButton-vtxwzb-5 japAxb beans-quantity-controls__add-button beans-button__container"
                                  type="submit"
                                  data-auto="beans-quantity-controls-add-button"
                                  aria-label="add Kiddylicious Strawberry &amp; Banana Smoothie Melts 6G to basket"
                                >
                                  <span
                                    class="base-components__BaseElement-sc-1mosoyj-0 styled__InnerContainer-rsekm1-1 oznwo fuFres beans-button__inner-container"
                                    ><span
                                      class="base-components__BaseElement-sc-1mosoyj-0 styled__TextSpan-rsekm1-4 oznwo GDiMp beans-button__text"
                                      >Add</span
                                    ></span
                                  >
                                </button>
                              </div>
                            </div>
                          </div>
                        </div>
                      </div>
                      <input
                        name="_csrf"
                        type="hidden"
                        value="F4ilyTJl-LvtqLgFsBkctxWaUBk6u5LvYpFM"
                      />
                    </form>
                  </div>
                </div>
              </div>
            </div>
            <div class="hidden-medium product-info-section-small">
              <div class="product-info-message-list"></div>
            </div>
          </div>
          <div class="styles__StyledPromotionsMobile-dvv1wj-6 Bxaeb">
            <div>
              <div
                class="styles__StyledPromotionsWithClubcardPriceContainer-sc-1vdpoop-0 bsPFbn"
              >
                <div class="styles__StyledClubcardLogo-sc-1vdpoop-2 elOZEB">
                  <div
                    class="styles__Wrapper-sc-1d2phhy-0 hgBuQG undefined special-offer-sash"
                  >
                    <span class="styles__CircleWrapper-sc-1d2phhy-2 hCbzjm"
                      ><strong class="styles__TextWrapper-sc-1d2phhy-1 bLXNGg"
                        >Clubcard Price</strong
                      ></span
                    >
                  </div>
                </div>
                <a href="/groceries/en-GB/promotions/88512315"
                  ><div
                    class="styles__ProductPromotionStyling-sc-1vdpoop-3 oqgZF"
                  >
                    <div
                      class="styles__StyledPromotionsOfferContent-sc-1vdpoop-1 cPSekc"
                    >
                      <span class="offer-text"
                        >Any 6 for £3 Clubcard Price - Selected Organix Or
                        Kiddylicious Baby Food 6g - 20g</span
                      >
                    </div>
                    <span class="dates"
                      >Offer valid for delivery from 18/05/2022 until
                      28/06/2022</span
                    >
                  </div></a
                >
              </div>
            </div>
          </div>
        </div>
      </div>
    </div>
  </li>
  <li class="product-list--list-item">
    <div class="styles__StyledVerticalTileWrapper-dvv1wj-0 dtCNPH">
      <div
        data-auto="product-tile"
        data-auto-type="Quantity"
        data-auto-available="true"
        data-auto-is-restricted-disabled="false"
        data-auto-is-substitute="false"
        class="styles__StyledVerticalTile-dvv1wj-1 hJqNin"
      >
        <div class="styles__StyledTileContentWrapper-dvv1wj-2 bkNhNP beans">
          <div
            id="tile-283131901"
            data-auto-id="283131901"
            class="styles__StyledTiledContent-dvv1wj-3 bcglTg"
          >
            <a
              href="/groceries/en-GB/products/283131901"
              aria-hidden="true"
              class="product-image-wrapper"
              tabindex="1"
              ><div class="product-image__container">
                <picture
                  ><img
                    class="styled__Image-sjvkdn-0 bJErKA product-image beans-responsive-image__image"
                    src="https://digitalcontent.api.tesco.com/v2/media/ghs/7d0c1127-f926-4574-a4fb-b1f90e1c0c19/676c7bdf-29c5-40d4-b9e5-cb6f0af2fcd8_1349581824.jpeg?h=225&amp;w=225"
                    srcset="
                      https://digitalcontent.api.tesco.com/v2/media/ghs/7d0c1127-f926-4574-a4fb-b1f90e1c0c19/676c7bdf-29c5-40d4-b9e5-cb6f0af2fcd8_1349581824.jpeg?h=225&amp;w=225  768w,
                      https://digitalcontent.api.tesco.com/v2/media/ghs/7d0c1127-f926-4574-a4fb-b1f90e1c0c19/676c7bdf-29c5-40d4-b9e5-cb6f0af2fcd8_1349581824.jpeg?h=225&amp;w=225 4000w
                    "
                    alt="Kiddylicious Raspberry Crispie Tiddlers 12G"
                /></picture></div
            ></a>
            <div class="product-details--wrapper">
              <h3>
                <a
                  href="/groceries/en-GB/products/283131901"
                  class="styled__Anchor-sc-1xbujuz-0 bmBCJq beans-link__anchor"
                  data-auto="product-tile--title"
                  ><span
                    class="styled__Text-sc-1xbujuz-1 ldbwMG beans-link__text"
                    >Kiddylicious Raspberry Crispie Tiddlers 12G</span
                  ></a
                >
              </h3>
              <div class="styles__StyledProductDetailsContent-dvv1wj-5 ddRSrq">
                <a
                  href="/groceries/en-GB/reviews/submission/283131901?from=%2Fshop%2Fbaby%2Fall"
                  aria-label="Write a review for Kiddylicious Raspberry Crispie Tiddlers 12G"
                  class="styled__Anchor-sc-1xbujuz-0 cFilde beans-link__anchor"
                  data-auto="review-link"
                  ><span
                    class="styled__Text-sc-1xbujuz-1 fyDIEo beans-link__text"
                    >Write a review</span
                  ><span
                    class="styled__IconContainer-sc-1xbujuz-2 bSauSL beans-link__icon-container"
                    ><svg
                      aria-hidden="true"
                      class="styled__SVG-xxa4wh-1 hQMCqc beans-link__icon beans-icon__svg"
                      height="13.33"
                      preserveAspectRatio="xMinYMax meet"
                      viewBox="-1 0 12 20"
                      width="8"
                      xmlns="http://www.w3.org/2000/svg"
                      color="currentColor"
                    >
                      <path
                        d="M1.312 1.348L10.276 10l-8.964 8.644"
                        fill="none"
                        stroke="currentColor"
                      ></path></svg></span
                ></a>
                <div>
                  <a
                    href="/groceries/en-GB/shop/baby/baby-and-toddler-food/baby-and-toddler-snacks/baby-and-toddler-fruit-snacks"
                    class="styled__Anchor-sc-1xbujuz-0 cFilde beans-link__anchor"
                    ><span
                      class="styled__Text-sc-1xbujuz-1 fyDIEo beans-link__text"
                      >Rest of
                      <span class="visually-hidden"
                        >Baby &amp; Toddler Fruit Snacks</span
                      >
                      shelf</span
                    ><span
                      class="styled__IconContainer-sc-1xbujuz-2 bSauSL beans-link__icon-container"
                      ><svg
                        aria-hidden="true"
                        class="styled__SVG-xxa4wh-1 hQMCqc beans-link__icon beans-icon__svg"
                        height="13.33"
                        preserveAspectRatio="xMinYMax meet"
                        viewBox="-1 0 12 20"
                        width="8"
                        xmlns="http://www.w3.org/2000/svg"
                        color="currentColor"
                      >
                        <path
                          d="M1.312 1.348L10.276 10l-8.964 8.644"
                          fill="none"
                          stroke="currentColor"
                        ></path></svg></span
                  ></a>
                </div>
                <div class="product-info-message-section">
                  <div class="product-info-message-list"></div>
                </div>
              </div>
              <div
                class="styles__StyledPromotionsWithBuyBoxWrapper-dvv1wj-8 cZskDh"
              >
                <div
                  class="styles__StyledPromotionsAboveMobile-dvv1wj-7 iPTMuo"
                >
                  <div
                    class="styles__StyledPromotionsWithClubcardPriceContainer-sc-1vdpoop-0 bsPFbn"
                  >
                    <div class="styles__StyledClubcardLogo-sc-1vdpoop-2 elOZEB">
                      <div
                        class="styles__Wrapper-sc-1d2phhy-0 hgBuQG undefined special-offer-sash"
                      >
                        <span class="styles__CircleWrapper-sc-1d2phhy-2 hCbzjm"
                          ><strong
                            class="styles__TextWrapper-sc-1d2phhy-1 bLXNGg"
                            >Clubcard Price</strong
                          ></span
                        >
                      </div>
                    </div>
                    <a href="/groceries/en-GB/promotions/88512315"
                      ><div
                        class="styles__ProductPromotionStyling-sc-1vdpoop-3 oqgZF"
                      >
                        <div
                          class="styles__StyledPromotionsOfferContent-sc-1vdpoop-1 cPSekc"
                        >
                          <span class="offer-text"
                            >Any 6 for £3 Clubcard Price - Selected Organix Or
                            Kiddylicious Baby Food 6g - 20g</span
                          >
                        </div>
                        <span class="dates"
                          >Offer valid for delivery from 18/05/2022 until
                          28/06/2022</span
                        >
                      </div></a
                    >
                  </div>
                </div>
                <div class="styles__StyledBuyBoxWrapper-dvv1wj-4 dSvjUC">
                  <div
                    class="styles__StyledBuyBoxContainer-sc-1wx0qp6-0 dAXuso"
                    data-auto="buybox-container"
                  >
                    <form
                      action="/groceries/en-GB/trolley/items/283131901?_method=PUT"
                      method="POST"
                      quantitytype="simple-quantity"
                      class="styles__SafeFormWrapper-jtpu2t-0 lcrYKS"
                    >
                      <input type="submit" class="hidden" /><input
                        name="id"
                        type="hidden"
                        value="283131901"
                      /><input
                        name="identifier"
                        type="hidden"
                        value="Page"
                      /><input
                        name="anchorId"
                        type="hidden"
                        value="#tile-283131901"
                      /><input
                        name="returnUrl"
                        type="hidden"
                        value="/groceries/en-GB/shop/baby/all#tile-283131901"
                      /><input name="backToUrl" type="hidden" value="#" /><input
                        name="oldValue"
                        type="hidden"
                        value="0"
                      /><input
                        name="oldUnitChoice"
                        type="hidden"
                        value="pcs"
                      /><input name="newUnitChoice" type="hidden" value="pcs" />
                      <div
                        class="base-components__RootElement-sc-1mosoyj-1 styled__Container-sc-6nhkzi-0 jptQqM hSNpTb beans-buybox__container"
                      >
                        <div
                          class="base-components__BaseElement-sc-1mosoyj-0 styled__PriceAndActions-sc-6nhkzi-3 oznwo eEPLov beans-buybox__price-and-actions"
                        >
                          <div
                            class="base-components__RootElement-sc-1mosoyj-1 styled__Container-sc-8qlq5b-0 jptQqM bgZrjw styled__StyledPrice-sc-6nhkzi-5 iYHeik beans-buybox__price beans-price__container"
                          >
                            <p
                              class="styled__StyledHeading-sc-119w3hf-2 jWPEtj styled__Text-sc-8qlq5b-1 lnaeiZ beans-price__text"
                            >
                              £0.70
                            </p>
                            <p
                              class="styled__StyledFootnote-sc-119w3hf-7 icrlVF styled__Subtext-sc-8qlq5b-2 bNJmdc beans-price__subtext"
                            >
                              £5.84/100g
                            </p>
                          </div>
                          <div
                            class="base-components__RootElement-sc-1mosoyj-1 styled__Container-vtxwzb-0 jptQqM bDFhXJ beans-buybox__actions beans-quantity-controls__container"
                          >
                            <div
                              class="base-components__RootElement-sc-1mosoyj-1 styled__Container-sc-16t2b2a-0 jptQqM PUfgZ styled__StyledFormGroup-vtxwzb-1 kzKuAr beans-quantity-controls__form-group beans-form-group__container"
                            >
                              <label
                                class="styled__StyledLabel-sc-1ttuvhr-0 bwxooU beans-form-group__label beans-label"
                                for="quantity-controls-283131901"
                                >Quantity controls
                              </label>
                              <div
                                class="base-components__BaseElement-sc-1mosoyj-0 styled__Children-sc-16t2b2a-3 oznwo gdJvjO beans-form-group__children"
                              >
                                <div
                                  class="styled__StyledQuantityControlWrapper-vtxwzb-6 LCxOg"
                                >
                                  <label
                                    id="quantity-controls-283131901-label"
                                    class="styled__VisuallyHiddenLabel-vtxwzb-7 gXlLiM"
                                    >add Kiddylicious Raspberry Crispie Tiddlers
                                    12G to basket</label
                                  ><input
                                    class="base-components__RootElement-sc-1mosoyj-1 styled__StyledInput-sc-1jd5f57-0 jptQqM hupFMH styled__StyledInput-vtxwzb-3 lwMHo beans-quantity-controls__input beans-input"
                                    data-auto="beans-quantity-controls-input"
                                    autocomplete="off"
                                    id="quantity-controls-283131901"
                                    maxlength="2"
                                    name="newValue"
                                    type="number"
                                    aria-labelledby="quantity-controls-283131901-label"
                                    value="1"
                                  />
                                </div>
                                <button
                                  class="styled__BaseButton-rsekm1-0 styled__PrimaryButton-rsekm1-2 jChbeY geeWOF styled__StyledButton-vtxwzb-5 japAxb beans-quantity-controls__add-button beans-button__container"
                                  type="submit"
                                  data-auto="beans-quantity-controls-add-button"
                                  aria-label="add Kiddylicious Raspberry Crispie Tiddlers 12G to basket"
                                >
                                  <span
                                    class="base-components__BaseElement-sc-1mosoyj-0 styled__InnerContainer-rsekm1-1 oznwo fuFres beans-button__inner-container"
                                    ><span
                                      class="base-components__BaseElement-sc-1mosoyj-0 styled__TextSpan-rsekm1-4 oznwo GDiMp beans-button__text"
                                      >Add</span
                                    ></span
                                  >
                                </button>
                              </div>
                            </div>
                          </div>
                        </div>
                      </div>
                      <input
                        name="_csrf"
                        type="hidden"
                        value="F4ilyTJl-LvtqLgFsBkctxWaUBk6u5LvYpFM"
                      />
                    </form>
                  </div>
                </div>
              </div>
            </div>
            <div class="hidden-medium product-info-section-small">
              <div class="product-info-message-list"></div>
            </div>
          </div>
          <div class="styles__StyledPromotionsMobile-dvv1wj-6 Bxaeb">
            <div>
              <div
                class="styles__StyledPromotionsWithClubcardPriceContainer-sc-1vdpoop-0 bsPFbn"
              >
                <div class="styles__StyledClubcardLogo-sc-1vdpoop-2 elOZEB">
                  <div
                    class="styles__Wrapper-sc-1d2phhy-0 hgBuQG undefined special-offer-sash"
                  >
                    <span class="styles__CircleWrapper-sc-1d2phhy-2 hCbzjm"
                      ><strong class="styles__TextWrapper-sc-1d2phhy-1 bLXNGg"
                        >Clubcard Price</strong
                      ></span
                    >
                  </div>
                </div>
                <a href="/groceries/en-GB/promotions/88512315"
                  ><div
                    class="styles__ProductPromotionStyling-sc-1vdpoop-3 oqgZF"
                  >
                    <div
                      class="styles__StyledPromotionsOfferContent-sc-1vdpoop-1 cPSekc"
                    >
                      <span class="offer-text"
                        >Any 6 for £3 Clubcard Price - Selected Organix Or
                        Kiddylicious Baby Food 6g - 20g</span
                      >
                    </div>
                    <span class="dates"
                      >Offer valid for delivery from 18/05/2022 until
                      28/06/2022</span
                    >
                  </div></a
                >
              </div>
            </div>
          </div>
        </div>
      </div>
    </div>
  </li>
  <li class="product-list--list-item">
    <div class="styles__StyledVerticalTileWrapper-dvv1wj-0 dtCNPH">
      <div
        data-auto="product-tile"
        data-auto-type="Quantity"
        data-auto-available="true"
        data-auto-is-restricted-disabled="false"
        data-auto-is-substitute="false"
        class="styles__StyledVerticalTile-dvv1wj-1 hJqNin"
      >
        <div class="styles__StyledTileContentWrapper-dvv1wj-2 bkNhNP beans">
          <div
            id="tile-271394452"
            data-auto-id="271394452"
            class="styles__StyledTiledContent-dvv1wj-3 bcglTg"
          >
            <a
              href="/groceries/en-GB/products/271394452"
              aria-hidden="true"
              class="product-image-wrapper"
              tabindex="1"
              ><div class="product-image__container">
                <picture
                  ><img
                    class="styled__Image-sjvkdn-0 bJErKA product-image beans-responsive-image__image"
                    src="https://digitalcontent.api.tesco.com/v2/media/ghs/2bd67462-616c-4848-ad10-414be30c954b/1beab795-b708-4137-9de4-bdde7792b0dc_1649054292.jpeg?h=225&amp;w=225"
                    srcset="
                      https://digitalcontent.api.tesco.com/v2/media/ghs/2bd67462-616c-4848-ad10-414be30c954b/1beab795-b708-4137-9de4-bdde7792b0dc_1649054292.jpeg?h=225&amp;w=225  768w,
                      https://digitalcontent.api.tesco.com/v2/media/ghs/2bd67462-616c-4848-ad10-414be30c954b/1beab795-b708-4137-9de4-bdde7792b0dc_1649054292.jpeg?h=225&amp;w=225 4000w
                    "
                    alt="Kiddylicious Strawberry Fruit Wriggles 12G"
                /></picture></div
            ></a>
            <div class="product-details--wrapper">
              <h3>
                <a
                  href="/groceries/en-GB/products/271394452"
                  class="styled__Anchor-sc-1xbujuz-0 bmBCJq beans-link__anchor"
                  data-auto="product-tile--title"
                  ><span
                    class="styled__Text-sc-1xbujuz-1 ldbwMG beans-link__text"
                    >Kiddylicious Strawberry Fruit Wriggles 12G</span
                  ></a
                >
              </h3>
              <div class="styles__StyledProductDetailsContent-dvv1wj-5 ddRSrq">
                <a
                  href="/groceries/en-GB/reviews/submission/271394452?from=%2Fshop%2Fbaby%2Fall"
                  aria-label="Write a review for Kiddylicious Strawberry Fruit Wriggles 12G"
                  class="styled__Anchor-sc-1xbujuz-0 cFilde beans-link__anchor"
                  data-auto="review-link"
                  ><span
                    class="styled__Text-sc-1xbujuz-1 fyDIEo beans-link__text"
                    >Write a review</span
                  ><span
                    class="styled__IconContainer-sc-1xbujuz-2 bSauSL beans-link__icon-container"
                    ><svg
                      aria-hidden="true"
                      class="styled__SVG-xxa4wh-1 hQMCqc beans-link__icon beans-icon__svg"
                      height="13.33"
                      preserveAspectRatio="xMinYMax meet"
                      viewBox="-1 0 12 20"
                      width="8"
                      xmlns="http://www.w3.org/2000/svg"
                      color="currentColor"
                    >
                      <path
                        d="M1.312 1.348L10.276 10l-8.964 8.644"
                        fill="none"
                        stroke="currentColor"
                      ></path></svg></span
                ></a>
                <div>
                  <a
                    href="/groceries/en-GB/shop/baby/baby-and-toddler-food/baby-and-toddler-snacks/baby-and-toddler-fruit-snacks"
                    class="styled__Anchor-sc-1xbujuz-0 cFilde beans-link__anchor"
                    ><span
                      class="styled__Text-sc-1xbujuz-1 fyDIEo beans-link__text"
                      >Rest of
                      <span class="visually-hidden"
                        >Baby &amp; Toddler Fruit Snacks</span
                      >
                      shelf</span
                    ><span
                      class="styled__IconContainer-sc-1xbujuz-2 bSauSL beans-link__icon-container"
                      ><svg
                        aria-hidden="true"
                        class="styled__SVG-xxa4wh-1 hQMCqc beans-link__icon beans-icon__svg"
                        height="13.33"
                        preserveAspectRatio="xMinYMax meet"
                        viewBox="-1 0 12 20"
                        width="8"
                        xmlns="http://www.w3.org/2000/svg"
                        color="currentColor"
                      >
                        <path
                          d="M1.312 1.348L10.276 10l-8.964 8.644"
                          fill="none"
                          stroke="currentColor"
                        ></path></svg></span
                  ></a>
                </div>
                <div class="product-info-message-section">
                  <div class="product-info-message-list"></div>
                </div>
              </div>
              <div
                class="styles__StyledPromotionsWithBuyBoxWrapper-dvv1wj-8 cZskDh"
              >
                <div
                  class="styles__StyledPromotionsAboveMobile-dvv1wj-7 iPTMuo"
                >
                  <div
                    class="styles__StyledPromotionsWithClubcardPriceContainer-sc-1vdpoop-0 bsPFbn"
                  >
                    <div class="styles__StyledClubcardLogo-sc-1vdpoop-2 elOZEB">
                      <div
                        class="styles__Wrapper-sc-1d2phhy-0 hgBuQG undefined special-offer-sash"
                      >
                        <span class="styles__CircleWrapper-sc-1d2phhy-2 hCbzjm"
                          ><strong
                            class="styles__TextWrapper-sc-1d2phhy-1 bLXNGg"
                            >Clubcard Price</strong
                          ></span
                        >
                      </div>
                    </div>
                    <a href="/groceries/en-GB/promotions/88512315"
                      ><div
                        class="styles__ProductPromotionStyling-sc-1vdpoop-3 oqgZF"
                      >
                        <div
                          class="styles__StyledPromotionsOfferContent-sc-1vdpoop-1 cPSekc"
                        >
                          <span class="offer-text"
                            >Any 6 for £3 Clubcard Price - Selected Organix Or
                            Kiddylicious Baby Food 6g - 20g</span
                          >
                        </div>
                        <span class="dates"
                          >Offer valid for delivery from 18/05/2022 until
                          28/06/2022</span
                        >
                      </div></a
                    >
                  </div>
                </div>
                <div class="styles__StyledBuyBoxWrapper-dvv1wj-4 dSvjUC">
                  <div
                    class="styles__StyledBuyBoxContainer-sc-1wx0qp6-0 dAXuso"
                    data-auto="buybox-container"
                  >
                    <form
                      action="/groceries/en-GB/trolley/items/271394452?_method=PUT"
                      method="POST"
                      quantitytype="simple-quantity"
                      class="styles__SafeFormWrapper-jtpu2t-0 lcrYKS"
                    >
                      <input type="submit" class="hidden" /><input
                        name="id"
                        type="hidden"
                        value="271394452"
                      /><input
                        name="identifier"
                        type="hidden"
                        value="Page"
                      /><input
                        name="anchorId"
                        type="hidden"
                        value="#tile-271394452"
                      /><input
                        name="returnUrl"
                        type="hidden"
                        value="/groceries/en-GB/shop/baby/all#tile-271394452"
                      /><input name="backToUrl" type="hidden" value="#" /><input
                        name="oldValue"
                        type="hidden"
                        value="0"
                      /><input
                        name="oldUnitChoice"
                        type="hidden"
                        value="pcs"
                      /><input name="newUnitChoice" type="hidden" value="pcs" />
                      <div
                        class="base-components__RootElement-sc-1mosoyj-1 styled__Container-sc-6nhkzi-0 jptQqM hSNpTb beans-buybox__container"
                      >
                        <div
                          class="base-components__BaseElement-sc-1mosoyj-0 styled__PriceAndActions-sc-6nhkzi-3 oznwo eEPLov beans-buybox__price-and-actions"
                        >
                          <div
                            class="base-components__RootElement-sc-1mosoyj-1 styled__Container-sc-8qlq5b-0 jptQqM bgZrjw styled__StyledPrice-sc-6nhkzi-5 iYHeik beans-buybox__price beans-price__container"
                          >
                            <p
                              class="styled__StyledHeading-sc-119w3hf-2 jWPEtj styled__Text-sc-8qlq5b-1 lnaeiZ beans-price__text"
                            >
                              £0.70
                            </p>
                            <p
                              class="styled__StyledFootnote-sc-119w3hf-7 icrlVF styled__Subtext-sc-8qlq5b-2 bNJmdc beans-price__subtext"
                            >
                              £5.84/100g
                            </p>
                          </div>
                          <div
                            class="base-components__RootElement-sc-1mosoyj-1 styled__Container-vtxwzb-0 jptQqM bDFhXJ beans-buybox__actions beans-quantity-controls__container"
                          >
                            <div
                              class="base-components__RootElement-sc-1mosoyj-1 styled__Container-sc-16t2b2a-0 jptQqM PUfgZ styled__StyledFormGroup-vtxwzb-1 kzKuAr beans-quantity-controls__form-group beans-form-group__container"
                            >
                              <label
                                class="styled__StyledLabel-sc-1ttuvhr-0 bwxooU beans-form-group__label beans-label"
                                for="quantity-controls-271394452"
                                >Quantity controls
                              </label>
                              <div
                                class="base-components__BaseElement-sc-1mosoyj-0 styled__Children-sc-16t2b2a-3 oznwo gdJvjO beans-form-group__children"
                              >
                                <div
                                  class="styled__StyledQuantityControlWrapper-vtxwzb-6 LCxOg"
                                >
                                  <label
                                    id="quantity-controls-271394452-label"
                                    class="styled__VisuallyHiddenLabel-vtxwzb-7 gXlLiM"
                                    >add Kiddylicious Strawberry Fruit Wriggles
                                    12G to basket</label
                                  ><input
                                    class="base-components__RootElement-sc-1mosoyj-1 styled__StyledInput-sc-1jd5f57-0 jptQqM hupFMH styled__StyledInput-vtxwzb-3 lwMHo beans-quantity-controls__input beans-input"
                                    data-auto="beans-quantity-controls-input"
                                    autocomplete="off"
                                    id="quantity-controls-271394452"
                                    maxlength="2"
                                    name="newValue"
                                    type="number"
                                    aria-labelledby="quantity-controls-271394452-label"
                                    value="1"
                                  />
                                </div>
                                <button
                                  class="styled__BaseButton-rsekm1-0 styled__PrimaryButton-rsekm1-2 jChbeY geeWOF styled__StyledButton-vtxwzb-5 japAxb beans-quantity-controls__add-button beans-button__container"
                                  type="submit"
                                  data-auto="beans-quantity-controls-add-button"
                                  aria-label="add Kiddylicious Strawberry Fruit Wriggles 12G to basket"
                                >
                                  <span
                                    class="base-components__BaseElement-sc-1mosoyj-0 styled__InnerContainer-rsekm1-1 oznwo fuFres beans-button__inner-container"
                                    ><span
                                      class="base-components__BaseElement-sc-1mosoyj-0 styled__TextSpan-rsekm1-4 oznwo GDiMp beans-button__text"
                                      >Add</span
                                    ></span
                                  >
                                </button>
                              </div>
                            </div>
                          </div>
                        </div>
                      </div>
                      <input
                        name="_csrf"
                        type="hidden"
                        value="F4ilyTJl-LvtqLgFsBkctxWaUBk6u5LvYpFM"
                      />
                    </form>
                  </div>
                </div>
              </div>
            </div>
            <div class="hidden-medium product-info-section-small">
              <div class="product-info-message-list"></div>
            </div>
          </div>
          <div class="styles__StyledPromotionsMobile-dvv1wj-6 Bxaeb">
            <div>
              <div
                class="styles__StyledPromotionsWithClubcardPriceContainer-sc-1vdpoop-0 bsPFbn"
              >
                <div class="styles__StyledClubcardLogo-sc-1vdpoop-2 elOZEB">
                  <div
                    class="styles__Wrapper-sc-1d2phhy-0 hgBuQG undefined special-offer-sash"
                  >
                    <span class="styles__CircleWrapper-sc-1d2phhy-2 hCbzjm"
                      ><strong class="styles__TextWrapper-sc-1d2phhy-1 bLXNGg"
                        >Clubcard Price</strong
                      ></span
                    >
                  </div>
                </div>
                <a href="/groceries/en-GB/promotions/88512315"
                  ><div
                    class="styles__ProductPromotionStyling-sc-1vdpoop-3 oqgZF"
                  >
                    <div
                      class="styles__StyledPromotionsOfferContent-sc-1vdpoop-1 cPSekc"
                    >
                      <span class="offer-text"
                        >Any 6 for £3 Clubcard Price - Selected Organix Or
                        Kiddylicious Baby Food 6g - 20g</span
                      >
                    </div>
                    <span class="dates"
                      >Offer valid for delivery from 18/05/2022 until
                      28/06/2022</span
                    >
                  </div></a
                >
              </div>
            </div>
          </div>
        </div>
      </div>
    </div>
  </li>
  <li class="product-list--list-item">
    <div class="styles__StyledVerticalTileWrapper-dvv1wj-0 dtCNPH">
      <div
        data-auto="product-tile"
        data-auto-type="Quantity"
        data-auto-available="true"
        data-auto-is-restricted-disabled="false"
        data-auto-is-substitute="false"
        class="styles__StyledVerticalTile-dvv1wj-1 hJqNin"
      >
        <div class="styles__StyledTileContentWrapper-dvv1wj-2 bkNhNP beans">
          <div
            id="tile-301803120"
            data-auto-id="301803120"
            class="styles__StyledTiledContent-dvv1wj-3 bcglTg"
          >
            <a
              href="/groceries/en-GB/products/301803120"
              aria-hidden="true"
              class="product-image-wrapper"
              tabindex="1"
              ><div class="product-image__container">
                <picture
                  ><img
                    class="styled__Image-sjvkdn-0 bJErKA product-image beans-responsive-image__image"
                    src="https://digitalcontent.api.tesco.com/v2/media/ghs/f9effc5e-7a35-41fc-9783-aa6c6c93068c/d19c16c3-cfe9-410b-9b38-73bcb1a4c02c_1348309084.jpeg?h=225&amp;w=225"
                    srcset="
                      https://digitalcontent.api.tesco.com/v2/media/ghs/f9effc5e-7a35-41fc-9783-aa6c6c93068c/d19c16c3-cfe9-410b-9b38-73bcb1a4c02c_1348309084.jpeg?h=225&amp;w=225  768w,
                      https://digitalcontent.api.tesco.com/v2/media/ghs/f9effc5e-7a35-41fc-9783-aa6c6c93068c/d19c16c3-cfe9-410b-9b38-73bcb1a4c02c_1348309084.jpeg?h=225&amp;w=225 4000w
                    "
                    alt="Fred &amp; Flo Cotton Wool Square Pads 50S"
                /></picture></div
            ></a>
            <div class="product-details--wrapper">
              <h3>
                <a
                  href="/groceries/en-GB/products/301803120"
                  class="styled__Anchor-sc-1xbujuz-0 bmBCJq beans-link__anchor"
                  data-auto="product-tile--title"
                  ><span
                    class="styled__Text-sc-1xbujuz-1 ldbwMG beans-link__text"
                    >Fred &amp; Flo Cotton Wool Square Pads 50S</span
                  ></a
                >
              </h3>
              <div
                class="styles__StyledPromotionsAboveMobile-dvv1wj-7 iPTMuo"
              ></div>
              <div class="styles__StyledProductDetailsContent-dvv1wj-5 ddRSrq">
                <a
                  href="/groceries/en-GB/reviews/submission/301803120?from=%2Fshop%2Fbaby%2Fall"
                  aria-label="Write a review for Fred &amp; Flo Cotton Wool Square Pads 50S"
                  class="styled__Anchor-sc-1xbujuz-0 cFilde beans-link__anchor"
                  data-auto="review-link"
                  ><span
                    class="styled__Text-sc-1xbujuz-1 fyDIEo beans-link__text"
                    >Write a review</span
                  ><span
                    class="styled__IconContainer-sc-1xbujuz-2 bSauSL beans-link__icon-container"
                    ><svg
                      aria-hidden="true"
                      class="styled__SVG-xxa4wh-1 hQMCqc beans-link__icon beans-icon__svg"
                      height="13.33"
                      preserveAspectRatio="xMinYMax meet"
                      viewBox="-1 0 12 20"
                      width="8"
                      xmlns="http://www.w3.org/2000/svg"
                      color="currentColor"
                    >
                      <path
                        d="M1.312 1.348L10.276 10l-8.964 8.644"
                        fill="none"
                        stroke="currentColor"
                      ></path></svg></span
                ></a>
                <div>
                  <a
                    href="/groceries/en-GB/shop/baby/baby-and-toddler-toiletries/baby-cotton-wool-buds-and-sponges/baby-cotton-wool-and-pads"
                    class="styled__Anchor-sc-1xbujuz-0 cFilde beans-link__anchor"
                    ><span
                      class="styled__Text-sc-1xbujuz-1 fyDIEo beans-link__text"
                      >Rest of
                      <span class="visually-hidden"
                        >Baby Cotton Wool &amp; Pads</span
                      >
                      shelf</span
                    ><span
                      class="styled__IconContainer-sc-1xbujuz-2 bSauSL beans-link__icon-container"
                      ><svg
                        aria-hidden="true"
                        class="styled__SVG-xxa4wh-1 hQMCqc beans-link__icon beans-icon__svg"
                        height="13.33"
                        preserveAspectRatio="xMinYMax meet"
                        viewBox="-1 0 12 20"
                        width="8"
                        xmlns="http://www.w3.org/2000/svg"
                        color="currentColor"
                      >
                        <path
                          d="M1.312 1.348L10.276 10l-8.964 8.644"
                          fill="none"
                          stroke="currentColor"
                        ></path></svg></span
                  ></a>
                </div>
                <div class="product-info-message-section">
                  <div class="product-info-message-list"></div>
                </div>
              </div>
              <div class="styles__StyledBuyBoxWrapper-dvv1wj-4 dSvjUC">
                <div
                  class="styles__StyledBuyBoxContainer-sc-1wx0qp6-0 dAXuso"
                  data-auto="buybox-container"
                >
                  <form
                    action="/groceries/en-GB/trolley/items/301803120?_method=PUT"
                    method="POST"
                    quantitytype="simple-quantity"
                    class="styles__SafeFormWrapper-jtpu2t-0 lcrYKS"
                  >
                    <input type="submit" class="hidden" /><input
                      name="id"
                      type="hidden"
                      value="301803120"
                    /><input
                      name="identifier"
                      type="hidden"
                      value="Page"
                    /><input
                      name="anchorId"
                      type="hidden"
                      value="#tile-301803120"
                    /><input
                      name="returnUrl"
                      type="hidden"
                      value="/groceries/en-GB/shop/baby/all#tile-301803120"
                    /><input name="backToUrl" type="hidden" value="#" /><input
                      name="oldValue"
                      type="hidden"
                      value="0"
                    /><input
                      name="oldUnitChoice"
                      type="hidden"
                      value="pcs"
                    /><input name="newUnitChoice" type="hidden" value="pcs" />
                    <div
                      class="base-components__RootElement-sc-1mosoyj-1 styled__Container-sc-6nhkzi-0 jptQqM hSNpTb beans-buybox__container"
                    >
                      <div
                        class="base-components__BaseElement-sc-1mosoyj-0 styled__PriceAndActions-sc-6nhkzi-3 oznwo eEPLov beans-buybox__price-and-actions"
                      >
                        <div
                          class="base-components__RootElement-sc-1mosoyj-1 styled__Container-sc-8qlq5b-0 jptQqM bgZrjw styled__StyledPrice-sc-6nhkzi-5 iYHeik beans-buybox__price beans-price__container"
                        >
                          <p
                            class="styled__StyledHeading-sc-119w3hf-2 jWPEtj styled__Text-sc-8qlq5b-1 lnaeiZ beans-price__text"
                          >
                            £1.50
                          </p>
                          <p
                            class="styled__StyledFootnote-sc-119w3hf-7 icrlVF styled__Subtext-sc-8qlq5b-2 bNJmdc beans-price__subtext"
                          >
                            £0.03/each
                          </p>
                        </div>
                        <div
                          class="base-components__RootElement-sc-1mosoyj-1 styled__Container-vtxwzb-0 jptQqM bDFhXJ beans-buybox__actions beans-quantity-controls__container"
                        >
                          <div
                            class="base-components__RootElement-sc-1mosoyj-1 styled__Container-sc-16t2b2a-0 jptQqM PUfgZ styled__StyledFormGroup-vtxwzb-1 kzKuAr beans-quantity-controls__form-group beans-form-group__container"
                          >
                            <label
                              class="styled__StyledLabel-sc-1ttuvhr-0 bwxooU beans-form-group__label beans-label"
                              for="quantity-controls-301803120"
                              >Quantity controls
                            </label>
                            <div
                              class="base-components__BaseElement-sc-1mosoyj-0 styled__Children-sc-16t2b2a-3 oznwo gdJvjO beans-form-group__children"
                            >
                              <div
                                class="styled__StyledQuantityControlWrapper-vtxwzb-6 LCxOg"
                              >
                                <label
                                  id="quantity-controls-301803120-label"
                                  class="styled__VisuallyHiddenLabel-vtxwzb-7 gXlLiM"
                                  >add Fred &amp; Flo Cotton Wool Square Pads
                                  50S to basket</label
                                ><input
                                  class="base-components__RootElement-sc-1mosoyj-1 styled__StyledInput-sc-1jd5f57-0 jptQqM hupFMH styled__StyledInput-vtxwzb-3 lwMHo beans-quantity-controls__input beans-input"
                                  data-auto="beans-quantity-controls-input"
                                  autocomplete="off"
                                  id="quantity-controls-301803120"
                                  maxlength="2"
                                  name="newValue"
                                  type="number"
                                  aria-labelledby="quantity-controls-301803120-label"
                                  value="1"
                                />
                              </div>
                              <button
                                class="styled__BaseButton-rsekm1-0 styled__PrimaryButton-rsekm1-2 jChbeY geeWOF styled__StyledButton-vtxwzb-5 japAxb beans-quantity-controls__add-button beans-button__container"
                                type="submit"
                                data-auto="beans-quantity-controls-add-button"
                                aria-label="add Fred &amp; Flo Cotton Wool Square Pads 50S to basket"
                              >
                                <span
                                  class="base-components__BaseElement-sc-1mosoyj-0 styled__InnerContainer-rsekm1-1 oznwo fuFres beans-button__inner-container"
                                  ><span
                                    class="base-components__BaseElement-sc-1mosoyj-0 styled__TextSpan-rsekm1-4 oznwo GDiMp beans-button__text"
                                    >Add</span
                                  ></span
                                >
                              </button>
                            </div>
                          </div>
                        </div>
                      </div>
                    </div>
                    <input
                      name="_csrf"
                      type="hidden"
                      value="F4ilyTJl-LvtqLgFsBkctxWaUBk6u5LvYpFM"
                    />
                  </form>
                </div>
              </div>
            </div>
            <div class="hidden-medium product-info-section-small">
              <div class="product-info-message-list"></div>
            </div>
          </div>
        </div>
      </div>
    </div>
  </li>
  <li class="product-list--list-item">
    <div class="styles__StyledVerticalTileWrapper-dvv1wj-0 dtCNPH">
      <div
        data-auto="product-tile"
        data-auto-type="Quantity"
        data-auto-available="true"
        data-auto-is-restricted-disabled="false"
        data-auto-is-substitute="false"
        class="styles__StyledVerticalTile-dvv1wj-1 hJqNin"
      >
        <div class="styles__StyledTileContentWrapper-dvv1wj-2 bkNhNP beans">
          <div
            id="tile-310158437"
            data-auto-id="310158437"
            class="styles__StyledTiledContent-dvv1wj-3 bcglTg"
          >
            <a
              href="/groceries/en-GB/products/310158437"
              aria-hidden="true"
              class="product-image-wrapper"
              tabindex="1"
              ><div class="product-image__container">
                <picture
                  ><img
                    class="styled__Image-sjvkdn-0 bJErKA product-image beans-responsive-image__image"
                    src="https://digitalcontent.api.tesco.com/v2/media/ghs/8219bff1-3a26-445e-a797-b589fedbcb99/84a05916-e8b4-49d9-b1ef-78d5c26cbf5e_1145446285.jpeg?h=225&amp;w=225"
                    srcset="
                      https://digitalcontent.api.tesco.com/v2/media/ghs/8219bff1-3a26-445e-a797-b589fedbcb99/84a05916-e8b4-49d9-b1ef-78d5c26cbf5e_1145446285.jpeg?h=225&amp;w=225  768w,
                      https://digitalcontent.api.tesco.com/v2/media/ghs/8219bff1-3a26-445e-a797-b589fedbcb99/84a05916-e8b4-49d9-b1ef-78d5c26cbf5e_1145446285.jpeg?h=225&amp;w=225 4000w
                    "
                    alt="Pampers Sensitive Baby Wipes 0% Plastic 52 Wipes"
                /></picture></div
            ></a>
            <div class="product-details--wrapper">
              <h3>
                <a
                  href="/groceries/en-GB/products/310158437"
                  class="styled__Anchor-sc-1xbujuz-0 bmBCJq beans-link__anchor"
                  data-auto="product-tile--title"
                  ><span
                    class="styled__Text-sc-1xbujuz-1 ldbwMG beans-link__text"
                    >Pampers Sensitive Baby Wipes 0% Plastic 52 Wipes</span
                  ></a
                >
              </h3>
              <div
                class="styles__StyledPromotionsAboveMobile-dvv1wj-7 iPTMuo"
              ></div>
              <div class="styles__StyledProductDetailsContent-dvv1wj-5 ddRSrq">
                <a
                  href="/groceries/en-GB/reviews/submission/310158437?from=%2Fshop%2Fbaby%2Fall"
                  aria-label="Write a review for Pampers Sensitive Baby Wipes 0% Plastic 52 Wipes"
                  class="styled__Anchor-sc-1xbujuz-0 cFilde beans-link__anchor"
                  data-auto="review-link"
                  ><span
                    class="styled__Text-sc-1xbujuz-1 fyDIEo beans-link__text"
                    >Write a review</span
                  ><span
                    class="styled__IconContainer-sc-1xbujuz-2 bSauSL beans-link__icon-container"
                    ><svg
                      aria-hidden="true"
                      class="styled__SVG-xxa4wh-1 hQMCqc beans-link__icon beans-icon__svg"
                      height="13.33"
                      preserveAspectRatio="xMinYMax meet"
                      viewBox="-1 0 12 20"
                      width="8"
                      xmlns="http://www.w3.org/2000/svg"
                      color="currentColor"
                    >
                      <path
                        d="M1.312 1.348L10.276 10l-8.964 8.644"
                        fill="none"
                        stroke="currentColor"
                      ></path></svg></span
                ></a>
                <div>
                  <a
                    href="/groceries/en-GB/shop/baby/baby-and-toddler-wipes/fragrance-free-baby-wipes/single-pack-fragrance-free-baby-wipes"
                    class="styled__Anchor-sc-1xbujuz-0 cFilde beans-link__anchor"
                    ><span
                      class="styled__Text-sc-1xbujuz-1 fyDIEo beans-link__text"
                      >Rest of
                      <span class="visually-hidden"
                        >Single Pack Fragrance Free Baby Wipes</span
                      >
                      shelf</span
                    ><span
                      class="styled__IconContainer-sc-1xbujuz-2 bSauSL beans-link__icon-container"
                      ><svg
                        aria-hidden="true"
                        class="styled__SVG-xxa4wh-1 hQMCqc beans-link__icon beans-icon__svg"
                        height="13.33"
                        preserveAspectRatio="xMinYMax meet"
                        viewBox="-1 0 12 20"
                        width="8"
                        xmlns="http://www.w3.org/2000/svg"
                        color="currentColor"
                      >
                        <path
                          d="M1.312 1.348L10.276 10l-8.964 8.644"
                          fill="none"
                          stroke="currentColor"
                        ></path></svg></span
                  ></a>
                </div>
                <div class="product-info-message-section">
                  <div class="product-info-message-list"></div>
                </div>
              </div>
              <div class="styles__StyledBuyBoxWrapper-dvv1wj-4 dSvjUC">
                <div
                  class="styles__StyledBuyBoxContainer-sc-1wx0qp6-0 dAXuso"
                  data-auto="buybox-container"
                >
                  <form
                    action="/groceries/en-GB/trolley/items/310158437?_method=PUT"
                    method="POST"
                    quantitytype="simple-quantity"
                    class="styles__SafeFormWrapper-jtpu2t-0 lcrYKS"
                  >
                    <input type="submit" class="hidden" /><input
                      name="id"
                      type="hidden"
                      value="310158437"
                    /><input
                      name="identifier"
                      type="hidden"
                      value="Page"
                    /><input
                      name="anchorId"
                      type="hidden"
                      value="#tile-310158437"
                    /><input
                      name="returnUrl"
                      type="hidden"
                      value="/groceries/en-GB/shop/baby/all#tile-310158437"
                    /><input name="backToUrl" type="hidden" value="#" /><input
                      name="oldValue"
                      type="hidden"
                      value="0"
                    /><input
                      name="oldUnitChoice"
                      type="hidden"
                      value="pcs"
                    /><input name="newUnitChoice" type="hidden" value="pcs" />
                    <div
                      class="base-components__RootElement-sc-1mosoyj-1 styled__Container-sc-6nhkzi-0 jptQqM hSNpTb beans-buybox__container"
                    >
                      <div
                        class="base-components__BaseElement-sc-1mosoyj-0 styled__PriceAndActions-sc-6nhkzi-3 oznwo eEPLov beans-buybox__price-and-actions"
                      >
                        <div
                          class="base-components__RootElement-sc-1mosoyj-1 styled__Container-sc-8qlq5b-0 jptQqM bgZrjw styled__StyledPrice-sc-6nhkzi-5 iYHeik beans-buybox__price beans-price__container"
                        >
                          <p
                            class="styled__StyledHeading-sc-119w3hf-2 jWPEtj styled__Text-sc-8qlq5b-1 lnaeiZ beans-price__text"
                          >
                            £1.00
                          </p>
                          <p
                            class="styled__StyledFootnote-sc-119w3hf-7 icrlVF styled__Subtext-sc-8qlq5b-2 bNJmdc beans-price__subtext"
                          >
                            £1.93/100sht
                          </p>
                        </div>
                        <div
                          class="base-components__RootElement-sc-1mosoyj-1 styled__Container-vtxwzb-0 jptQqM bDFhXJ beans-buybox__actions beans-quantity-controls__container"
                        >
                          <div
                            class="base-components__RootElement-sc-1mosoyj-1 styled__Container-sc-16t2b2a-0 jptQqM PUfgZ styled__StyledFormGroup-vtxwzb-1 kzKuAr beans-quantity-controls__form-group beans-form-group__container"
                          >
                            <label
                              class="styled__StyledLabel-sc-1ttuvhr-0 bwxooU beans-form-group__label beans-label"
                              for="quantity-controls-310158437"
                              >Quantity controls
                            </label>
                            <div
                              class="base-components__BaseElement-sc-1mosoyj-0 styled__Children-sc-16t2b2a-3 oznwo gdJvjO beans-form-group__children"
                            >
                              <div
                                class="styled__StyledQuantityControlWrapper-vtxwzb-6 LCxOg"
                              >
                                <label
                                  id="quantity-controls-310158437-label"
                                  class="styled__VisuallyHiddenLabel-vtxwzb-7 gXlLiM"
                                  >add Pampers Sensitive Baby Wipes 0% Plastic
                                  52 Wipes to basket</label
                                ><input
                                  class="base-components__RootElement-sc-1mosoyj-1 styled__StyledInput-sc-1jd5f57-0 jptQqM hupFMH styled__StyledInput-vtxwzb-3 lwMHo beans-quantity-controls__input beans-input"
                                  data-auto="beans-quantity-controls-input"
                                  autocomplete="off"
                                  id="quantity-controls-310158437"
                                  maxlength="2"
                                  name="newValue"
                                  type="number"
                                  aria-labelledby="quantity-controls-310158437-label"
                                  value="1"
                                />
                              </div>
                              <button
                                class="styled__BaseButton-rsekm1-0 styled__PrimaryButton-rsekm1-2 jChbeY geeWOF styled__StyledButton-vtxwzb-5 japAxb beans-quantity-controls__add-button beans-button__container"
                                type="submit"
                                data-auto="beans-quantity-controls-add-button"
                                aria-label="add Pampers Sensitive Baby Wipes 0% Plastic 52 Wipes to basket"
                              >
                                <span
                                  class="base-components__BaseElement-sc-1mosoyj-0 styled__InnerContainer-rsekm1-1 oznwo fuFres beans-button__inner-container"
                                  ><span
                                    class="base-components__BaseElement-sc-1mosoyj-0 styled__TextSpan-rsekm1-4 oznwo GDiMp beans-button__text"
                                    >Add</span
                                  ></span
                                >
                              </button>
                            </div>
                          </div>
                        </div>
                      </div>
                    </div>
                    <input
                      name="_csrf"
                      type="hidden"
                      value="F4ilyTJl-LvtqLgFsBkctxWaUBk6u5LvYpFM"
                    />
                  </form>
                </div>
              </div>
            </div>
            <div class="hidden-medium product-info-section-small">
              <div class="product-info-message-list"></div>
            </div>
          </div>
        </div>
      </div>
    </div>
  </li>
  <li class="product-list--list-item">
    <div class="styles__StyledVerticalTileWrapper-dvv1wj-0 dtCNPH">
      <div
        data-auto="product-tile"
        data-auto-type="Quantity"
        data-auto-available="true"
        data-auto-is-restricted-disabled="false"
        data-auto-is-substitute="false"
        class="styles__StyledVerticalTile-dvv1wj-1 hJqNin"
      >
        <div class="styles__StyledTileContentWrapper-dvv1wj-2 bkNhNP beans">
          <div
            id="tile-286671732"
            data-auto-id="286671732"
            class="styles__StyledTiledContent-dvv1wj-3 bcglTg"
          >
            <a
              href="/groceries/en-GB/products/286671732"
              aria-hidden="true"
              class="product-image-wrapper"
              tabindex="1"
              ><div class="product-image__container">
                <picture
                  ><img
                    class="styled__Image-sjvkdn-0 bJErKA product-image beans-responsive-image__image"
                    src="https://digitalcontent.api.tesco.com/v2/media/ghs/7e754adb-528b-49b7-b66f-a15d681ddd07/1198a659-40ba-4360-a72a-ec21fd7faed3_1519146101.jpeg?h=225&amp;w=225"
                    srcset="
                      https://digitalcontent.api.tesco.com/v2/media/ghs/7e754adb-528b-49b7-b66f-a15d681ddd07/1198a659-40ba-4360-a72a-ec21fd7faed3_1519146101.jpeg?h=225&amp;w=225  768w,
                      https://digitalcontent.api.tesco.com/v2/media/ghs/7e754adb-528b-49b7-b66f-a15d681ddd07/1198a659-40ba-4360-a72a-ec21fd7faed3_1519146101.jpeg?h=225&amp;w=225 4000w
                    "
                    alt="Kiddylicious Smoothie Melts Mango 6G"
                /></picture></div
            ></a>
            <div class="product-details--wrapper">
              <h3>
                <a
                  href="/groceries/en-GB/products/286671732"
                  class="styled__Anchor-sc-1xbujuz-0 bmBCJq beans-link__anchor"
                  data-auto="product-tile--title"
                  ><span
                    class="styled__Text-sc-1xbujuz-1 ldbwMG beans-link__text"
                    >Kiddylicious Smoothie Melts Mango 6G</span
                  ></a
                >
              </h3>
              <div class="styles__StyledProductDetailsContent-dvv1wj-5 ddRSrq">
                <a
                  href="/groceries/en-GB/reviews/submission/286671732?from=%2Fshop%2Fbaby%2Fall"
                  aria-label="Write a review for Kiddylicious Smoothie Melts Mango 6G"
                  class="styled__Anchor-sc-1xbujuz-0 cFilde beans-link__anchor"
                  data-auto="review-link"
                  ><span
                    class="styled__Text-sc-1xbujuz-1 fyDIEo beans-link__text"
                    >Write a review</span
                  ><span
                    class="styled__IconContainer-sc-1xbujuz-2 bSauSL beans-link__icon-container"
                    ><svg
                      aria-hidden="true"
                      class="styled__SVG-xxa4wh-1 hQMCqc beans-link__icon beans-icon__svg"
                      height="13.33"
                      preserveAspectRatio="xMinYMax meet"
                      viewBox="-1 0 12 20"
                      width="8"
                      xmlns="http://www.w3.org/2000/svg"
                      color="currentColor"
                    >
                      <path
                        d="M1.312 1.348L10.276 10l-8.964 8.644"
                        fill="none"
                        stroke="currentColor"
                      ></path></svg></span
                ></a>
                <div>
                  <a
                    href="/groceries/en-GB/shop/baby/baby-and-toddler-food/baby-and-toddler-snacks/baby-and-toddler-fruit-snacks"
                    class="styled__Anchor-sc-1xbujuz-0 cFilde beans-link__anchor"
                    ><span
                      class="styled__Text-sc-1xbujuz-1 fyDIEo beans-link__text"
                      >Rest of
                      <span class="visually-hidden"
                        >Baby &amp; Toddler Fruit Snacks</span
                      >
                      shelf</span
                    ><span
                      class="styled__IconContainer-sc-1xbujuz-2 bSauSL beans-link__icon-container"
                      ><svg
                        aria-hidden="true"
                        class="styled__SVG-xxa4wh-1 hQMCqc beans-link__icon beans-icon__svg"
                        height="13.33"
                        preserveAspectRatio="xMinYMax meet"
                        viewBox="-1 0 12 20"
                        width="8"
                        xmlns="http://www.w3.org/2000/svg"
                        color="currentColor"
                      >
                        <path
                          d="M1.312 1.348L10.276 10l-8.964 8.644"
                          fill="none"
                          stroke="currentColor"
                        ></path></svg></span
                  ></a>
                </div>
                <div class="product-info-message-section">
                  <div class="product-info-message-list"></div>
                </div>
              </div>
              <div
                class="styles__StyledPromotionsWithBuyBoxWrapper-dvv1wj-8 cZskDh"
              >
                <div
                  class="styles__StyledPromotionsAboveMobile-dvv1wj-7 iPTMuo"
                >
                  <div
                    class="styles__StyledPromotionsWithClubcardPriceContainer-sc-1vdpoop-0 bsPFbn"
                  >
                    <div class="styles__StyledClubcardLogo-sc-1vdpoop-2 elOZEB">
                      <div
                        class="styles__Wrapper-sc-1d2phhy-0 hgBuQG undefined special-offer-sash"
                      >
                        <span class="styles__CircleWrapper-sc-1d2phhy-2 hCbzjm"
                          ><strong
                            class="styles__TextWrapper-sc-1d2phhy-1 bLXNGg"
                            >Clubcard Price</strong
                          ></span
                        >
                      </div>
                    </div>
                    <a href="/groceries/en-GB/promotions/88512315"
                      ><div
                        class="styles__ProductPromotionStyling-sc-1vdpoop-3 oqgZF"
                      >
                        <div
                          class="styles__StyledPromotionsOfferContent-sc-1vdpoop-1 cPSekc"
                        >
                          <span class="offer-text"
                            >Any 6 for £3 Clubcard Price - Selected Organix Or
                            Kiddylicious Baby Food 6g - 20g</span
                          >
                        </div>
                        <span class="dates"
                          >Offer valid for delivery from 18/05/2022 until
                          28/06/2022</span
                        >
                      </div></a
                    >
                  </div>
                </div>
                <div class="styles__StyledBuyBoxWrapper-dvv1wj-4 dSvjUC">
                  <div
                    class="styles__StyledBuyBoxContainer-sc-1wx0qp6-0 dAXuso"
                    data-auto="buybox-container"
                  >
                    <form
                      action="/groceries/en-GB/trolley/items/286671732?_method=PUT"
                      method="POST"
                      quantitytype="simple-quantity"
                      class="styles__SafeFormWrapper-jtpu2t-0 lcrYKS"
                    >
                      <input type="submit" class="hidden" /><input
                        name="id"
                        type="hidden"
                        value="286671732"
                      /><input
                        name="identifier"
                        type="hidden"
                        value="Page"
                      /><input
                        name="anchorId"
                        type="hidden"
                        value="#tile-286671732"
                      /><input
                        name="returnUrl"
                        type="hidden"
                        value="/groceries/en-GB/shop/baby/all#tile-286671732"
                      /><input name="backToUrl" type="hidden" value="#" /><input
                        name="oldValue"
                        type="hidden"
                        value="0"
                      /><input
                        name="oldUnitChoice"
                        type="hidden"
                        value="pcs"
                      /><input name="newUnitChoice" type="hidden" value="pcs" />
                      <div
                        class="base-components__RootElement-sc-1mosoyj-1 styled__Container-sc-6nhkzi-0 jptQqM hSNpTb beans-buybox__container"
                      >
                        <div
                          class="base-components__BaseElement-sc-1mosoyj-0 styled__PriceAndActions-sc-6nhkzi-3 oznwo eEPLov beans-buybox__price-and-actions"
                        >
                          <div
                            class="base-components__RootElement-sc-1mosoyj-1 styled__Container-sc-8qlq5b-0 jptQqM bgZrjw styled__StyledPrice-sc-6nhkzi-5 iYHeik beans-buybox__price beans-price__container"
                          >
                            <p
                              class="styled__StyledHeading-sc-119w3hf-2 jWPEtj styled__Text-sc-8qlq5b-1 lnaeiZ beans-price__text"
                            >
                              £0.70
                            </p>
                            <p
                              class="styled__StyledFootnote-sc-119w3hf-7 icrlVF styled__Subtext-sc-8qlq5b-2 bNJmdc beans-price__subtext"
                            >
                              £11.67/100g
                            </p>
                          </div>
                          <div
                            class="base-components__RootElement-sc-1mosoyj-1 styled__Container-vtxwzb-0 jptQqM bDFhXJ beans-buybox__actions beans-quantity-controls__container"
                          >
                            <div
                              class="base-components__RootElement-sc-1mosoyj-1 styled__Container-sc-16t2b2a-0 jptQqM PUfgZ styled__StyledFormGroup-vtxwzb-1 kzKuAr beans-quantity-controls__form-group beans-form-group__container"
                            >
                              <label
                                class="styled__StyledLabel-sc-1ttuvhr-0 bwxooU beans-form-group__label beans-label"
                                for="quantity-controls-286671732"
                                >Quantity controls
                              </label>
                              <div
                                class="base-components__BaseElement-sc-1mosoyj-0 styled__Children-sc-16t2b2a-3 oznwo gdJvjO beans-form-group__children"
                              >
                                <div
                                  class="styled__StyledQuantityControlWrapper-vtxwzb-6 LCxOg"
                                >
                                  <label
                                    id="quantity-controls-286671732-label"
                                    class="styled__VisuallyHiddenLabel-vtxwzb-7 gXlLiM"
                                    >add Kiddylicious Smoothie Melts Mango 6G to
                                    basket</label
                                  ><input
                                    class="base-components__RootElement-sc-1mosoyj-1 styled__StyledInput-sc-1jd5f57-0 jptQqM hupFMH styled__StyledInput-vtxwzb-3 lwMHo beans-quantity-controls__input beans-input"
                                    data-auto="beans-quantity-controls-input"
                                    autocomplete="off"
                                    id="quantity-controls-286671732"
                                    maxlength="2"
                                    name="newValue"
                                    type="number"
                                    aria-labelledby="quantity-controls-286671732-label"
                                    value="1"
                                  />
                                </div>
                                <button
                                  class="styled__BaseButton-rsekm1-0 styled__PrimaryButton-rsekm1-2 jChbeY geeWOF styled__StyledButton-vtxwzb-5 japAxb beans-quantity-controls__add-button beans-button__container"
                                  type="submit"
                                  data-auto="beans-quantity-controls-add-button"
                                  aria-label="add Kiddylicious Smoothie Melts Mango 6G to basket"
                                >
                                  <span
                                    class="base-components__BaseElement-sc-1mosoyj-0 styled__InnerContainer-rsekm1-1 oznwo fuFres beans-button__inner-container"
                                    ><span
                                      class="base-components__BaseElement-sc-1mosoyj-0 styled__TextSpan-rsekm1-4 oznwo GDiMp beans-button__text"
                                      >Add</span
                                    ></span
                                  >
                                </button>
                              </div>
                            </div>
                          </div>
                        </div>
                      </div>
                      <input
                        name="_csrf"
                        type="hidden"
                        value="F4ilyTJl-LvtqLgFsBkctxWaUBk6u5LvYpFM"
                      />
                    </form>
                  </div>
                </div>
              </div>
            </div>
            <div class="hidden-medium product-info-section-small">
              <div class="product-info-message-list"></div>
            </div>
          </div>
          <div class="styles__StyledPromotionsMobile-dvv1wj-6 Bxaeb">
            <div>
              <div
                class="styles__StyledPromotionsWithClubcardPriceContainer-sc-1vdpoop-0 bsPFbn"
              >
                <div class="styles__StyledClubcardLogo-sc-1vdpoop-2 elOZEB">
                  <div
                    class="styles__Wrapper-sc-1d2phhy-0 hgBuQG undefined special-offer-sash"
                  >
                    <span class="styles__CircleWrapper-sc-1d2phhy-2 hCbzjm"
                      ><strong class="styles__TextWrapper-sc-1d2phhy-1 bLXNGg"
                        >Clubcard Price</strong
                      ></span
                    >
                  </div>
                </div>
                <a href="/groceries/en-GB/promotions/88512315"
                  ><div
                    class="styles__ProductPromotionStyling-sc-1vdpoop-3 oqgZF"
                  >
                    <div
                      class="styles__StyledPromotionsOfferContent-sc-1vdpoop-1 cPSekc"
                    >
                      <span class="offer-text"
                        >Any 6 for £3 Clubcard Price - Selected Organix Or
                        Kiddylicious Baby Food 6g - 20g</span
                      >
                    </div>
                    <span class="dates"
                      >Offer valid for delivery from 18/05/2022 until
                      28/06/2022</span
                    >
                  </div></a
                >
              </div>
            </div>
          </div>
        </div>
      </div>
    </div>
  </li>
  <li class="product-list--list-item">
    <div class="styles__StyledVerticalTileWrapper-dvv1wj-0 dtCNPH">
      <div
        data-auto="product-tile"
        data-auto-type="Quantity"
        data-auto-available="true"
        data-auto-is-restricted-disabled="false"
        data-auto-is-substitute="false"
        class="styles__StyledVerticalTile-dvv1wj-1 hJqNin"
      >
        <div class="styles__StyledTileContentWrapper-dvv1wj-2 bkNhNP beans">
          <div
            id="tile-305732767"
            data-auto-id="305732767"
            class="styles__StyledTiledContent-dvv1wj-3 bcglTg"
          >
            <a
              href="/groceries/en-GB/products/305732767"
              aria-hidden="true"
              class="product-image-wrapper"
              tabindex="1"
              ><div class="product-image__container">
                <picture
                  ><img
                    class="styled__Image-sjvkdn-0 bJErKA product-image beans-responsive-image__image"
                    src="https://digitalcontent.api.tesco.com/v2/media/ghs/411ccd1d-cc82-4e45-b372-4b400a224efd/9de7d03d-5d5f-40eb-a7f4-6f1cd3358c79_1686564516.jpeg?h=225&amp;w=225"
                    srcset="
                      https://digitalcontent.api.tesco.com/v2/media/ghs/411ccd1d-cc82-4e45-b372-4b400a224efd/9de7d03d-5d5f-40eb-a7f4-6f1cd3358c79_1686564516.jpeg?h=225&amp;w=225  768w,
                      https://digitalcontent.api.tesco.com/v2/media/ghs/411ccd1d-cc82-4e45-b372-4b400a224efd/9de7d03d-5d5f-40eb-a7f4-6f1cd3358c79_1686564516.jpeg?h=225&amp;w=225 4000w
                    "
                    alt="Tesco Luxury Soft Coconut Oil 40 Flushable Wipes"
                /></picture></div
            ></a>
            <div class="product-details--wrapper">
              <h3>
                <a
                  href="/groceries/en-GB/products/305732767"
                  class="styled__Anchor-sc-1xbujuz-0 bmBCJq beans-link__anchor"
                  data-auto="product-tile--title"
                  ><span
                    class="styled__Text-sc-1xbujuz-1 ldbwMG beans-link__text"
                    >Tesco Luxury Soft Coconut Oil 40 Flushable Wipes</span
                  ></a
                >
              </h3>
              <div
                class="styles__StyledPromotionsAboveMobile-dvv1wj-7 iPTMuo"
              ></div>
              <div class="styles__StyledProductDetailsContent-dvv1wj-5 ddRSrq">
                <a
                  href="/groceries/en-GB/reviews/submission/305732767?from=%2Fshop%2Fbaby%2Fall"
                  aria-label="Write a review for Tesco Luxury Soft Coconut Oil 40 Flushable Wipes"
                  class="styled__Anchor-sc-1xbujuz-0 cFilde beans-link__anchor"
                  data-auto="review-link"
                  ><span
                    class="styled__Text-sc-1xbujuz-1 fyDIEo beans-link__text"
                    >Write a review</span
                  ><span
                    class="styled__IconContainer-sc-1xbujuz-2 bSauSL beans-link__icon-container"
                    ><svg
                      aria-hidden="true"
                      class="styled__SVG-xxa4wh-1 hQMCqc beans-link__icon beans-icon__svg"
                      height="13.33"
                      preserveAspectRatio="xMinYMax meet"
                      viewBox="-1 0 12 20"
                      width="8"
                      xmlns="http://www.w3.org/2000/svg"
                      color="currentColor"
                    >
                      <path
                        d="M1.312 1.348L10.276 10l-8.964 8.644"
                        fill="none"
                        stroke="currentColor"
                      ></path></svg></span
                ></a>
                <div>
                  <a
                    href="/groceries/en-GB/shop/household/toilet-roll/moist-toilet-tissue/moist-toilet-wipes-single-pack"
                    class="styled__Anchor-sc-1xbujuz-0 cFilde beans-link__anchor"
                    ><span
                      class="styled__Text-sc-1xbujuz-1 fyDIEo beans-link__text"
                      >Rest of
                      <span class="visually-hidden"
                        >Moist Toilet Wipes Single Pack</span
                      >
                      shelf</span
                    ><span
                      class="styled__IconContainer-sc-1xbujuz-2 bSauSL beans-link__icon-container"
                      ><svg
                        aria-hidden="true"
                        class="styled__SVG-xxa4wh-1 hQMCqc beans-link__icon beans-icon__svg"
                        height="13.33"
                        preserveAspectRatio="xMinYMax meet"
                        viewBox="-1 0 12 20"
                        width="8"
                        xmlns="http://www.w3.org/2000/svg"
                        color="currentColor"
                      >
                        <path
                          d="M1.312 1.348L10.276 10l-8.964 8.644"
                          fill="none"
                          stroke="currentColor"
                        ></path></svg></span
                  ></a>
                </div>
                <div class="product-info-message-section">
                  <div class="product-info-message-list"></div>
                </div>
              </div>
              <div class="styles__StyledBuyBoxWrapper-dvv1wj-4 dSvjUC">
                <div
                  class="styles__StyledBuyBoxContainer-sc-1wx0qp6-0 dAXuso"
                  data-auto="buybox-container"
                >
                  <form
                    action="/groceries/en-GB/trolley/items/305732767?_method=PUT"
                    method="POST"
                    quantitytype="simple-quantity"
                    class="styles__SafeFormWrapper-jtpu2t-0 lcrYKS"
                  >
                    <input type="submit" class="hidden" /><input
                      name="id"
                      type="hidden"
                      value="305732767"
                    /><input
                      name="identifier"
                      type="hidden"
                      value="Page"
                    /><input
                      name="anchorId"
                      type="hidden"
                      value="#tile-305732767"
                    /><input
                      name="returnUrl"
                      type="hidden"
                      value="/groceries/en-GB/shop/baby/all#tile-305732767"
                    /><input name="backToUrl" type="hidden" value="#" /><input
                      name="oldValue"
                      type="hidden"
                      value="0"
                    /><input
                      name="oldUnitChoice"
                      type="hidden"
                      value="pcs"
                    /><input name="newUnitChoice" type="hidden" value="pcs" />
                    <div
                      class="base-components__RootElement-sc-1mosoyj-1 styled__Container-sc-6nhkzi-0 jptQqM hSNpTb beans-buybox__container"
                    >
                      <div
                        class="base-components__BaseElement-sc-1mosoyj-0 styled__PriceAndActions-sc-6nhkzi-3 oznwo eEPLov beans-buybox__price-and-actions"
                      >
                        <div
                          class="base-components__RootElement-sc-1mosoyj-1 styled__Container-sc-8qlq5b-0 jptQqM bgZrjw styled__StyledPrice-sc-6nhkzi-5 iYHeik beans-buybox__price beans-price__container"
                        >
                          <p
                            class="styled__StyledHeading-sc-119w3hf-2 jWPEtj styled__Text-sc-8qlq5b-1 lnaeiZ beans-price__text"
                          >
                            £0.70
                          </p>
                          <p
                            class="styled__StyledFootnote-sc-119w3hf-7 icrlVF styled__Subtext-sc-8qlq5b-2 bNJmdc beans-price__subtext"
                          >
                            £1.75/100sht
                          </p>
                        </div>
                        <div
                          class="base-components__RootElement-sc-1mosoyj-1 styled__Container-vtxwzb-0 jptQqM bDFhXJ beans-buybox__actions beans-quantity-controls__container"
                        >
                          <div
                            class="base-components__RootElement-sc-1mosoyj-1 styled__Container-sc-16t2b2a-0 jptQqM PUfgZ styled__StyledFormGroup-vtxwzb-1 kzKuAr beans-quantity-controls__form-group beans-form-group__container"
                          >
                            <label
                              class="styled__StyledLabel-sc-1ttuvhr-0 bwxooU beans-form-group__label beans-label"
                              for="quantity-controls-305732767"
                              >Quantity controls
                            </label>
                            <div
                              class="base-components__BaseElement-sc-1mosoyj-0 styled__Children-sc-16t2b2a-3 oznwo gdJvjO beans-form-group__children"
                            >
                              <div
                                class="styled__StyledQuantityControlWrapper-vtxwzb-6 LCxOg"
                              >
                                <label
                                  id="quantity-controls-305732767-label"
                                  class="styled__VisuallyHiddenLabel-vtxwzb-7 gXlLiM"
                                  >add Tesco Luxury Soft Coconut Oil 40
                                  Flushable Wipes to basket</label
                                ><input
                                  class="base-components__RootElement-sc-1mosoyj-1 styled__StyledInput-sc-1jd5f57-0 jptQqM hupFMH styled__StyledInput-vtxwzb-3 lwMHo beans-quantity-controls__input beans-input"
                                  data-auto="beans-quantity-controls-input"
                                  autocomplete="off"
                                  id="quantity-controls-305732767"
                                  maxlength="2"
                                  name="newValue"
                                  type="number"
                                  aria-labelledby="quantity-controls-305732767-label"
                                  value="1"
                                />
                              </div>
                              <button
                                class="styled__BaseButton-rsekm1-0 styled__PrimaryButton-rsekm1-2 jChbeY geeWOF styled__StyledButton-vtxwzb-5 japAxb beans-quantity-controls__add-button beans-button__container"
                                type="submit"
                                data-auto="beans-quantity-controls-add-button"
                                aria-label="add Tesco Luxury Soft Coconut Oil 40 Flushable Wipes to basket"
                              >
                                <span
                                  class="base-components__BaseElement-sc-1mosoyj-0 styled__InnerContainer-rsekm1-1 oznwo fuFres beans-button__inner-container"
                                  ><span
                                    class="base-components__BaseElement-sc-1mosoyj-0 styled__TextSpan-rsekm1-4 oznwo GDiMp beans-button__text"
                                    >Add</span
                                  ></span
                                >
                              </button>
                            </div>
                          </div>
                        </div>
                      </div>
                    </div>
                    <input
                      name="_csrf"
                      type="hidden"
                      value="F4ilyTJl-LvtqLgFsBkctxWaUBk6u5LvYpFM"
                    />
                  </form>
                </div>
              </div>
            </div>
            <div class="hidden-medium product-info-section-small">
              <div class="product-info-message-list"></div>
            </div>
          </div>
        </div>
      </div>
    </div>
  </li>
  <li class="product-list--list-item">
    <div class="styles__StyledVerticalTileWrapper-dvv1wj-0 dtCNPH">
      <div
        data-auto="product-tile"
        data-auto-type="Quantity"
        data-auto-available="true"
        data-auto-is-restricted-disabled="false"
        data-auto-is-substitute="false"
        class="styles__StyledVerticalTile-dvv1wj-1 hJqNin"
      >
        <div class="styles__StyledTileContentWrapper-dvv1wj-2 bkNhNP beans">
          <div
            id="tile-297418052"
            data-auto-id="297418052"
            class="styles__StyledTiledContent-dvv1wj-3 bcglTg"
          >
            <div
              data-auto="product-actions"
              class="styles__StyledProductActions-dvv1wj-9 cWzYZF"
            >
              <div class="styled__StyledIcon-p4cmb3-0 hoSzKr favourite-icon">
                <span
                  class="favorite-heart-icon"
                  title="This item is in your favourites"
                ></span
                ><span class="visually-hidden"
                  >This item is in your favourites</span
                >
              </div>
            </div>
            <a
              href="/groceries/en-GB/products/297418052"
              aria-hidden="true"
              class="product-image-wrapper"
              tabindex="1"
              ><div class="product-image__container">
                <picture
                  ><img
                    class="styled__Image-sjvkdn-0 bJErKA product-image beans-responsive-image__image"
                    src="https://digitalcontent.api.tesco.com/v2/media/ghs/9538fab8-354f-4a8c-bfc8-c49449763e0c/eead5d50-dbc1-4d9d-bfa6-0e16351f3bcf_803684086.jpeg?h=225&amp;w=225"
                    srcset="
                      https://digitalcontent.api.tesco.com/v2/media/ghs/9538fab8-354f-4a8c-bfc8-c49449763e0c/eead5d50-dbc1-4d9d-bfa6-0e16351f3bcf_803684086.jpeg?h=225&amp;w=225  768w,
                      https://digitalcontent.api.tesco.com/v2/media/ghs/9538fab8-354f-4a8c-bfc8-c49449763e0c/eead5d50-dbc1-4d9d-bfa6-0e16351f3bcf_803684086.jpeg?h=225&amp;w=225 4000w
                    "
                    alt="Andrex Washlets Classic Clean Single X40"
                /></picture></div
            ></a>
            <div class="product-details--wrapper">
              <h3>
                <a
                  href="/groceries/en-GB/products/297418052"
                  class="styled__Anchor-sc-1xbujuz-0 dvxzcv beans-link__anchor"
                  data-auto="product-tile--title"
                  ><span
                    class="styled__Text-sc-1xbujuz-1 ldbwMG beans-link__text"
                    >Andrex Washlets Classic Clean Single X40</span
                  ></a
                >
              </h3>
              <div class="styles__StyledProductDetailsContent-dvv1wj-5 gAGtuX">
                <a
                  href="/groceries/en-GB/reviews/submission/297418052?from=%2Fshop%2Fbaby%2Fall"
                  aria-label="Write a review for Andrex Washlets Classic Clean Single X40"
                  class="styled__Anchor-sc-1xbujuz-0 cFilde beans-link__anchor"
                  data-auto="review-link"
                  ><span
                    class="styled__Text-sc-1xbujuz-1 fyDIEo beans-link__text"
                    >Write a review</span
                  ><span
                    class="styled__IconContainer-sc-1xbujuz-2 bSauSL beans-link__icon-container"
                    ><svg
                      aria-hidden="true"
                      class="styled__SVG-xxa4wh-1 hQMCqc beans-link__icon beans-icon__svg"
                      height="13.33"
                      preserveAspectRatio="xMinYMax meet"
                      viewBox="-1 0 12 20"
                      width="8"
                      xmlns="http://www.w3.org/2000/svg"
                      color="currentColor"
                    >
                      <path
                        d="M1.312 1.348L10.276 10l-8.964 8.644"
                        fill="none"
                        stroke="currentColor"
                      ></path></svg></span
                ></a>
                <div>
                  <a
                    href="/groceries/en-GB/shop/household/toilet-roll/moist-toilet-tissue/moist-toilet-wipes-single-pack"
                    class="styled__Anchor-sc-1xbujuz-0 cFilde beans-link__anchor"
                    ><span
                      class="styled__Text-sc-1xbujuz-1 fyDIEo beans-link__text"
                      >Rest of
                      <span class="visually-hidden"
                        >Moist Toilet Wipes Single Pack</span
                      >
                      shelf</span
                    ><span
                      class="styled__IconContainer-sc-1xbujuz-2 bSauSL beans-link__icon-container"
                      ><svg
                        aria-hidden="true"
                        class="styled__SVG-xxa4wh-1 hQMCqc beans-link__icon beans-icon__svg"
                        height="13.33"
                        preserveAspectRatio="xMinYMax meet"
                        viewBox="-1 0 12 20"
                        width="8"
                        xmlns="http://www.w3.org/2000/svg"
                        color="currentColor"
                      >
                        <path
                          d="M1.312 1.348L10.276 10l-8.964 8.644"
                          fill="none"
                          stroke="currentColor"
                        ></path></svg></span
                  ></a>
                </div>
                <div class="product-info-message-section">
                  <div class="product-info-message-list"></div>
                </div>
              </div>
              <div
                class="styles__StyledPromotionsWithBuyBoxWrapper-dvv1wj-8 cZskDh"
              >
                <div
                  class="styles__StyledPromotionsAboveMobile-dvv1wj-7 iPTMuo"
                >
                  <div
                    class="styles__StyledPromotionsWithClubcardPriceContainer-sc-1vdpoop-0 bsPFbn"
                  >
                    <div class="styles__StyledClubcardLogo-sc-1vdpoop-2 elOZEB">
                      <div
                        class="styles__Wrapper-sc-1d2phhy-0 hgBuQG undefined special-offer-sash"
                      >
                        <span class="styles__CircleWrapper-sc-1d2phhy-2 hCbzjm"
                          ><strong
                            class="styles__TextWrapper-sc-1d2phhy-1 bLXNGg"
                            >Clubcard Price</strong
                          ></span
                        >
                      </div>
                    </div>
                    <a href="/groceries/en-GB/promotions/88497082"
                      ><div
                        class="styles__ProductPromotionStyling-sc-1vdpoop-3 oqgZF"
                      >
                        <div
                          class="styles__StyledPromotionsOfferContent-sc-1vdpoop-1 cPSekc"
                        >
                          <span class="offer-text">£1.00 Clubcard Price</span>
                        </div>
                        <span class="dates"
                          >Offer valid for delivery from 01/06/2022 until
                          21/06/2022</span
                        >
                      </div></a
                    >
                  </div>
                </div>
                <div class="styles__StyledBuyBoxWrapper-dvv1wj-4 dSvjUC">
                  <div
                    class="styles__StyledBuyBoxContainer-sc-1wx0qp6-0 dAXuso"
                    data-auto="buybox-container"
                  >
                    <form
                      action="/groceries/en-GB/trolley/items/297418052?_method=PUT"
                      method="POST"
                      quantitytype="simple-quantity"
                      class="styles__SafeFormWrapper-jtpu2t-0 lcrYKS"
                    >
                      <input type="submit" class="hidden" /><input
                        name="id"
                        type="hidden"
                        value="297418052"
                      /><input
                        name="identifier"
                        type="hidden"
                        value="Page"
                      /><input
                        name="anchorId"
                        type="hidden"
                        value="#tile-297418052"
                      /><input
                        name="returnUrl"
                        type="hidden"
                        value="/groceries/en-GB/shop/baby/all#tile-297418052"
                      /><input name="backToUrl" type="hidden" value="#" /><input
                        name="oldValue"
                        type="hidden"
                        value="0"
                      /><input
                        name="oldUnitChoice"
                        type="hidden"
                        value="pcs"
                      /><input name="newUnitChoice" type="hidden" value="pcs" />
                      <div
                        class="base-components__RootElement-sc-1mosoyj-1 styled__Container-sc-6nhkzi-0 jptQqM hSNpTb beans-buybox__container"
                      >
                        <div
                          class="base-components__BaseElement-sc-1mosoyj-0 styled__PriceAndActions-sc-6nhkzi-3 oznwo eEPLov beans-buybox__price-and-actions"
                        >
                          <div
                            class="base-components__RootElement-sc-1mosoyj-1 styled__Container-sc-8qlq5b-0 jptQqM bgZrjw styled__StyledPrice-sc-6nhkzi-5 iYHeik beans-buybox__price beans-price__container"
                          >
                            <p
                              class="styled__StyledHeading-sc-119w3hf-2 jWPEtj styled__Text-sc-8qlq5b-1 lnaeiZ beans-price__text"
                            >
                              £1.50
                            </p>
                            <p
                              class="styled__StyledFootnote-sc-119w3hf-7 icrlVF styled__Subtext-sc-8qlq5b-2 bNJmdc beans-price__subtext"
                            >
                              £3.75/100sht
                            </p>
                          </div>
                          <div
                            class="base-components__RootElement-sc-1mosoyj-1 styled__Container-vtxwzb-0 jptQqM bDFhXJ beans-buybox__actions beans-quantity-controls__container"
                          >
                            <div
                              class="base-components__RootElement-sc-1mosoyj-1 styled__Container-sc-16t2b2a-0 jptQqM PUfgZ styled__StyledFormGroup-vtxwzb-1 kzKuAr beans-quantity-controls__form-group beans-form-group__container"
                            >
                              <label
                                class="styled__StyledLabel-sc-1ttuvhr-0 bwxooU beans-form-group__label beans-label"
                                for="quantity-controls-297418052"
                                >Quantity controls
                              </label>
                              <div
                                class="base-components__BaseElement-sc-1mosoyj-0 styled__Children-sc-16t2b2a-3 oznwo gdJvjO beans-form-group__children"
                              >
                                <div
                                  class="styled__StyledQuantityControlWrapper-vtxwzb-6 LCxOg"
                                >
                                  <label
                                    id="quantity-controls-297418052-label"
                                    class="styled__VisuallyHiddenLabel-vtxwzb-7 gXlLiM"
                                    >add Andrex Washlets Classic Clean Single
                                    X40 to basket</label
                                  ><input
                                    class="base-components__RootElement-sc-1mosoyj-1 styled__StyledInput-sc-1jd5f57-0 jptQqM hupFMH styled__StyledInput-vtxwzb-3 lwMHo beans-quantity-controls__input beans-input"
                                    data-auto="beans-quantity-controls-input"
                                    autocomplete="off"
                                    id="quantity-controls-297418052"
                                    maxlength="2"
                                    name="newValue"
                                    type="number"
                                    aria-labelledby="quantity-controls-297418052-label"
                                    value="1"
                                  />
                                </div>
                                <button
                                  class="styled__BaseButton-rsekm1-0 styled__PrimaryButton-rsekm1-2 jChbeY geeWOF styled__StyledButton-vtxwzb-5 japAxb beans-quantity-controls__add-button beans-button__container"
                                  type="submit"
                                  data-auto="beans-quantity-controls-add-button"
                                  aria-label="add Andrex Washlets Classic Clean Single X40 to basket"
                                >
                                  <span
                                    class="base-components__BaseElement-sc-1mosoyj-0 styled__InnerContainer-rsekm1-1 oznwo fuFres beans-button__inner-container"
                                    ><span
                                      class="base-components__BaseElement-sc-1mosoyj-0 styled__TextSpan-rsekm1-4 oznwo GDiMp beans-button__text"
                                      >Add</span
                                    ></span
                                  >
                                </button>
                              </div>
                            </div>
                          </div>
                        </div>
                      </div>
                      <input
                        name="_csrf"
                        type="hidden"
                        value="F4ilyTJl-LvtqLgFsBkctxWaUBk6u5LvYpFM"
                      />
                    </form>
                  </div>
                </div>
              </div>
            </div>
            <div class="hidden-medium product-info-section-small">
              <div class="product-info-message-list"></div>
            </div>
          </div>
          <div class="styles__StyledPromotionsMobile-dvv1wj-6 Bxaeb">
            <div>
              <div
                class="styles__StyledPromotionsWithClubcardPriceContainer-sc-1vdpoop-0 bsPFbn"
              >
                <div class="styles__StyledClubcardLogo-sc-1vdpoop-2 elOZEB">
                  <div
                    class="styles__Wrapper-sc-1d2phhy-0 hgBuQG undefined special-offer-sash"
                  >
                    <span class="styles__CircleWrapper-sc-1d2phhy-2 hCbzjm"
                      ><strong class="styles__TextWrapper-sc-1d2phhy-1 bLXNGg"
                        >Clubcard Price</strong
                      ></span
                    >
                  </div>
                </div>
                <a href="/groceries/en-GB/promotions/88497082"
                  ><div
                    class="styles__ProductPromotionStyling-sc-1vdpoop-3 oqgZF"
                  >
                    <div
                      class="styles__StyledPromotionsOfferContent-sc-1vdpoop-1 cPSekc"
                    >
                      <span class="offer-text">£1.00 Clubcard Price</span>
                    </div>
                    <span class="dates"
                      >Offer valid for delivery from 01/06/2022 until
                      21/06/2022</span
                    >
                  </div></a
                >
              </div>
            </div>
          </div>
        </div>
      </div>
    </div>
  </li>
  <li class="product-list--list-item">
    <div class="styles__StyledVerticalTileWrapper-dvv1wj-0 dtCNPH">
      <div
        data-auto="product-tile"
        data-auto-type="Quantity"
        data-auto-available="true"
        data-auto-is-restricted-disabled="false"
        data-auto-is-substitute="false"
        class="styles__StyledVerticalTile-dvv1wj-1 hJqNin"
      >
        <div class="styles__StyledTileContentWrapper-dvv1wj-2 bkNhNP beans">
          <div
            id="tile-305728871"
            data-auto-id="305728871"
            class="styles__StyledTiledContent-dvv1wj-3 bcglTg"
          >
            <a
              href="/groceries/en-GB/products/305728871"
              aria-hidden="true"
              class="product-image-wrapper"
              tabindex="1"
              ><div class="product-image__container">
                <picture
                  ><img
                    class="styled__Image-sjvkdn-0 bJErKA product-image beans-responsive-image__image"
                    src="https://digitalcontent.api.tesco.com/v2/media/ghs/fbee9a62-b157-4af4-8669-4d575e8b5fdf/b8e76d1d-2581-4d3d-94f4-858bf8942c05_192433075.jpeg?h=225&amp;w=225"
                    srcset="
                      https://digitalcontent.api.tesco.com/v2/media/ghs/fbee9a62-b157-4af4-8669-4d575e8b5fdf/b8e76d1d-2581-4d3d-94f4-858bf8942c05_192433075.jpeg?h=225&amp;w=225  768w,
                      https://digitalcontent.api.tesco.com/v2/media/ghs/fbee9a62-b157-4af4-8669-4d575e8b5fdf/b8e76d1d-2581-4d3d-94f4-858bf8942c05_192433075.jpeg?h=225&amp;w=225 4000w
                    "
                    alt="Tesco Luxury Soft Sensitive 40 Flushable Wipes"
                /></picture></div
            ></a>
            <div class="product-details--wrapper">
              <h3>
                <a
                  href="/groceries/en-GB/products/305728871"
                  class="styled__Anchor-sc-1xbujuz-0 bmBCJq beans-link__anchor"
                  data-auto="product-tile--title"
                  ><span
                    class="styled__Text-sc-1xbujuz-1 ldbwMG beans-link__text"
                    >Tesco Luxury Soft Sensitive 40 Flushable Wipes</span
                  ></a
                >
              </h3>
              <div
                class="styles__StyledPromotionsAboveMobile-dvv1wj-7 iPTMuo"
              ></div>
              <div class="styles__StyledProductDetailsContent-dvv1wj-5 ddRSrq">
                <a
                  href="/groceries/en-GB/reviews/submission/305728871?from=%2Fshop%2Fbaby%2Fall"
                  aria-label="Write a review for Tesco Luxury Soft Sensitive 40 Flushable Wipes"
                  class="styled__Anchor-sc-1xbujuz-0 cFilde beans-link__anchor"
                  data-auto="review-link"
                  ><span
                    class="styled__Text-sc-1xbujuz-1 fyDIEo beans-link__text"
                    >Write a review</span
                  ><span
                    class="styled__IconContainer-sc-1xbujuz-2 bSauSL beans-link__icon-container"
                    ><svg
                      aria-hidden="true"
                      class="styled__SVG-xxa4wh-1 hQMCqc beans-link__icon beans-icon__svg"
                      height="13.33"
                      preserveAspectRatio="xMinYMax meet"
                      viewBox="-1 0 12 20"
                      width="8"
                      xmlns="http://www.w3.org/2000/svg"
                      color="currentColor"
                    >
                      <path
                        d="M1.312 1.348L10.276 10l-8.964 8.644"
                        fill="none"
                        stroke="currentColor"
                      ></path></svg></span
                ></a>
                <div>
                  <a
                    href="/groceries/en-GB/shop/household/toilet-roll/moist-toilet-tissue/moist-toilet-wipes-single-pack"
                    class="styled__Anchor-sc-1xbujuz-0 cFilde beans-link__anchor"
                    ><span
                      class="styled__Text-sc-1xbujuz-1 fyDIEo beans-link__text"
                      >Rest of
                      <span class="visually-hidden"
                        >Moist Toilet Wipes Single Pack</span
                      >
                      shelf</span
                    ><span
                      class="styled__IconContainer-sc-1xbujuz-2 bSauSL beans-link__icon-container"
                      ><svg
                        aria-hidden="true"
                        class="styled__SVG-xxa4wh-1 hQMCqc beans-link__icon beans-icon__svg"
                        height="13.33"
                        preserveAspectRatio="xMinYMax meet"
                        viewBox="-1 0 12 20"
                        width="8"
                        xmlns="http://www.w3.org/2000/svg"
                        color="currentColor"
                      >
                        <path
                          d="M1.312 1.348L10.276 10l-8.964 8.644"
                          fill="none"
                          stroke="currentColor"
                        ></path></svg></span
                  ></a>
                </div>
                <div class="product-info-message-section">
                  <div class="product-info-message-list"></div>
                </div>
              </div>
              <div class="styles__StyledBuyBoxWrapper-dvv1wj-4 dSvjUC">
                <div
                  class="styles__StyledBuyBoxContainer-sc-1wx0qp6-0 dAXuso"
                  data-auto="buybox-container"
                >
                  <form
                    action="/groceries/en-GB/trolley/items/305728871?_method=PUT"
                    method="POST"
                    quantitytype="simple-quantity"
                    class="styles__SafeFormWrapper-jtpu2t-0 lcrYKS"
                  >
                    <input type="submit" class="hidden" /><input
                      name="id"
                      type="hidden"
                      value="305728871"
                    /><input
                      name="identifier"
                      type="hidden"
                      value="Page"
                    /><input
                      name="anchorId"
                      type="hidden"
                      value="#tile-305728871"
                    /><input
                      name="returnUrl"
                      type="hidden"
                      value="/groceries/en-GB/shop/baby/all#tile-305728871"
                    /><input name="backToUrl" type="hidden" value="#" /><input
                      name="oldValue"
                      type="hidden"
                      value="0"
                    /><input
                      name="oldUnitChoice"
                      type="hidden"
                      value="pcs"
                    /><input name="newUnitChoice" type="hidden" value="pcs" />
                    <div
                      class="base-components__RootElement-sc-1mosoyj-1 styled__Container-sc-6nhkzi-0 jptQqM hSNpTb beans-buybox__container"
                    >
                      <div
                        class="base-components__BaseElement-sc-1mosoyj-0 styled__PriceAndActions-sc-6nhkzi-3 oznwo eEPLov beans-buybox__price-and-actions"
                      >
                        <div
                          class="base-components__RootElement-sc-1mosoyj-1 styled__Container-sc-8qlq5b-0 jptQqM bgZrjw styled__StyledPrice-sc-6nhkzi-5 iYHeik beans-buybox__price beans-price__container"
                        >
                          <p
                            class="styled__StyledHeading-sc-119w3hf-2 jWPEtj styled__Text-sc-8qlq5b-1 lnaeiZ beans-price__text"
                          >
                            £0.70
                          </p>
                          <p
                            class="styled__StyledFootnote-sc-119w3hf-7 icrlVF styled__Subtext-sc-8qlq5b-2 bNJmdc beans-price__subtext"
                          >
                            £1.75/100sht
                          </p>
                        </div>
                        <div
                          class="base-components__RootElement-sc-1mosoyj-1 styled__Container-vtxwzb-0 jptQqM bDFhXJ beans-buybox__actions beans-quantity-controls__container"
                        >
                          <div
                            class="base-components__RootElement-sc-1mosoyj-1 styled__Container-sc-16t2b2a-0 jptQqM PUfgZ styled__StyledFormGroup-vtxwzb-1 kzKuAr beans-quantity-controls__form-group beans-form-group__container"
                          >
                            <label
                              class="styled__StyledLabel-sc-1ttuvhr-0 bwxooU beans-form-group__label beans-label"
                              for="quantity-controls-305728871"
                              >Quantity controls
                            </label>
                            <div
                              class="base-components__BaseElement-sc-1mosoyj-0 styled__Children-sc-16t2b2a-3 oznwo gdJvjO beans-form-group__children"
                            >
                              <div
                                class="styled__StyledQuantityControlWrapper-vtxwzb-6 LCxOg"
                              >
                                <label
                                  id="quantity-controls-305728871-label"
                                  class="styled__VisuallyHiddenLabel-vtxwzb-7 gXlLiM"
                                  >add Tesco Luxury Soft Sensitive 40 Flushable
                                  Wipes to basket</label
                                ><input
                                  class="base-components__RootElement-sc-1mosoyj-1 styled__StyledInput-sc-1jd5f57-0 jptQqM hupFMH styled__StyledInput-vtxwzb-3 lwMHo beans-quantity-controls__input beans-input"
                                  data-auto="beans-quantity-controls-input"
                                  autocomplete="off"
                                  id="quantity-controls-305728871"
                                  maxlength="2"
                                  name="newValue"
                                  type="number"
                                  aria-labelledby="quantity-controls-305728871-label"
                                  value="1"
                                />
                              </div>
                              <button
                                class="styled__BaseButton-rsekm1-0 styled__PrimaryButton-rsekm1-2 jChbeY geeWOF styled__StyledButton-vtxwzb-5 japAxb beans-quantity-controls__add-button beans-button__container"
                                type="submit"
                                data-auto="beans-quantity-controls-add-button"
                                aria-label="add Tesco Luxury Soft Sensitive 40 Flushable Wipes to basket"
                              >
                                <span
                                  class="base-components__BaseElement-sc-1mosoyj-0 styled__InnerContainer-rsekm1-1 oznwo fuFres beans-button__inner-container"
                                  ><span
                                    class="base-components__BaseElement-sc-1mosoyj-0 styled__TextSpan-rsekm1-4 oznwo GDiMp beans-button__text"
                                    >Add</span
                                  ></span
                                >
                              </button>
                            </div>
                          </div>
                        </div>
                      </div>
                    </div>
                    <input
                      name="_csrf"
                      type="hidden"
                      value="F4ilyTJl-LvtqLgFsBkctxWaUBk6u5LvYpFM"
                    />
                  </form>
                </div>
              </div>
            </div>
            <div class="hidden-medium product-info-section-small">
              <div class="product-info-message-list"></div>
            </div>
          </div>
        </div>
      </div>
    </div>
  </li>
  <li class="product-list--list-item">
    <div class="styles__StyledVerticalTileWrapper-dvv1wj-0 dtCNPH">
      <div
        data-auto="product-tile"
        data-auto-type="Quantity"
        data-auto-available="true"
        data-auto-is-restricted-disabled="false"
        data-auto-is-substitute="false"
        class="styles__StyledVerticalTile-dvv1wj-1 hJqNin"
      >
        <div class="styles__StyledTileContentWrapper-dvv1wj-2 bkNhNP beans">
          <div
            id="tile-301883882"
            data-auto-id="301883882"
            class="styles__StyledTiledContent-dvv1wj-3 bcglTg"
          >
            <a
              href="/groceries/en-GB/products/301883882"
              aria-hidden="true"
              class="product-image-wrapper"
              tabindex="1"
              ><div class="product-image__container">
                <picture
                  ><img
                    class="styled__Image-sjvkdn-0 bJErKA product-image beans-responsive-image__image"
                    src="https://digitalcontent.api.tesco.com/v2/media/ghs/d7231ce5-e432-4937-8a85-4079ff7bda02/44b27c11-e461-41f8-b288-d651bdf0a854_74131916.jpeg?h=225&amp;w=225"
                    srcset="
                      https://digitalcontent.api.tesco.com/v2/media/ghs/d7231ce5-e432-4937-8a85-4079ff7bda02/44b27c11-e461-41f8-b288-d651bdf0a854_74131916.jpeg?h=225&amp;w=225  768w,
                      https://digitalcontent.api.tesco.com/v2/media/ghs/d7231ce5-e432-4937-8a85-4079ff7bda02/44b27c11-e461-41f8-b288-d651bdf0a854_74131916.jpeg?h=225&amp;w=225 4000w
                    "
                    alt="Fred &amp; Flo 60 Sensitive Toilet Wipes"
                /></picture></div
            ></a>
            <div class="product-details--wrapper">
              <h3>
                <a
                  href="/groceries/en-GB/products/301883882"
                  class="styled__Anchor-sc-1xbujuz-0 bmBCJq beans-link__anchor"
                  data-auto="product-tile--title"
                  ><span
                    class="styled__Text-sc-1xbujuz-1 ldbwMG beans-link__text"
                    >Fred &amp; Flo 60 Sensitive Toilet Wipes</span
                  ></a
                >
              </h3>
              <div
                class="styles__StyledPromotionsAboveMobile-dvv1wj-7 iPTMuo"
              ></div>
              <div class="styles__StyledProductDetailsContent-dvv1wj-5 ddRSrq">
                <a
                  href="/groceries/en-GB/reviews/submission/301883882?from=%2Fshop%2Fbaby%2Fall"
                  aria-label="Write a review for Fred &amp; Flo 60 Sensitive Toilet Wipes"
                  class="styled__Anchor-sc-1xbujuz-0 cFilde beans-link__anchor"
                  data-auto="review-link"
                  ><span
                    class="styled__Text-sc-1xbujuz-1 fyDIEo beans-link__text"
                    >Write a review</span
                  ><span
                    class="styled__IconContainer-sc-1xbujuz-2 bSauSL beans-link__icon-container"
                    ><svg
                      aria-hidden="true"
                      class="styled__SVG-xxa4wh-1 hQMCqc beans-link__icon beans-icon__svg"
                      height="13.33"
                      preserveAspectRatio="xMinYMax meet"
                      viewBox="-1 0 12 20"
                      width="8"
                      xmlns="http://www.w3.org/2000/svg"
                      color="currentColor"
                    >
                      <path
                        d="M1.312 1.348L10.276 10l-8.964 8.644"
                        fill="none"
                        stroke="currentColor"
                      ></path></svg></span
                ></a>
                <div>
                  <a
                    href="/groceries/en-GB/shop/baby/baby-and-toddler-wipes/toddler-wipes/fragrance-free-toddler-wipes"
                    class="styled__Anchor-sc-1xbujuz-0 cFilde beans-link__anchor"
                    ><span
                      class="styled__Text-sc-1xbujuz-1 fyDIEo beans-link__text"
                      >Rest of
                      <span class="visually-hidden"
                        >Fragrance Free Toddler Wipes</span
                      >
                      shelf</span
                    ><span
                      class="styled__IconContainer-sc-1xbujuz-2 bSauSL beans-link__icon-container"
                      ><svg
                        aria-hidden="true"
                        class="styled__SVG-xxa4wh-1 hQMCqc beans-link__icon beans-icon__svg"
                        height="13.33"
                        preserveAspectRatio="xMinYMax meet"
                        viewBox="-1 0 12 20"
                        width="8"
                        xmlns="http://www.w3.org/2000/svg"
                        color="currentColor"
                      >
                        <path
                          d="M1.312 1.348L10.276 10l-8.964 8.644"
                          fill="none"
                          stroke="currentColor"
                        ></path></svg></span
                  ></a>
                </div>
                <div class="product-info-message-section">
                  <div class="product-info-message-list"></div>
                </div>
              </div>
              <div class="styles__StyledBuyBoxWrapper-dvv1wj-4 dSvjUC">
                <div
                  class="styles__StyledBuyBoxContainer-sc-1wx0qp6-0 dAXuso"
                  data-auto="buybox-container"
                >
                  <form
                    action="/groceries/en-GB/trolley/items/301883882?_method=PUT"
                    method="POST"
                    quantitytype="simple-quantity"
                    class="styles__SafeFormWrapper-jtpu2t-0 lcrYKS"
                  >
                    <input type="submit" class="hidden" /><input
                      name="id"
                      type="hidden"
                      value="301883882"
                    /><input
                      name="identifier"
                      type="hidden"
                      value="Page"
                    /><input
                      name="anchorId"
                      type="hidden"
                      value="#tile-301883882"
                    /><input
                      name="returnUrl"
                      type="hidden"
                      value="/groceries/en-GB/shop/baby/all#tile-301883882"
                    /><input name="backToUrl" type="hidden" value="#" /><input
                      name="oldValue"
                      type="hidden"
                      value="0"
                    /><input
                      name="oldUnitChoice"
                      type="hidden"
                      value="pcs"
                    /><input name="newUnitChoice" type="hidden" value="pcs" />
                    <div
                      class="base-components__RootElement-sc-1mosoyj-1 styled__Container-sc-6nhkzi-0 jptQqM hSNpTb beans-buybox__container"
                    >
                      <div
                        class="base-components__BaseElement-sc-1mosoyj-0 styled__PriceAndActions-sc-6nhkzi-3 oznwo eEPLov beans-buybox__price-and-actions"
                      >
                        <div
                          class="base-components__RootElement-sc-1mosoyj-1 styled__Container-sc-8qlq5b-0 jptQqM bgZrjw styled__StyledPrice-sc-6nhkzi-5 iYHeik beans-buybox__price beans-price__container"
                        >
                          <p
                            class="styled__StyledHeading-sc-119w3hf-2 jWPEtj styled__Text-sc-8qlq5b-1 lnaeiZ beans-price__text"
                          >
                            £0.70
                          </p>
                          <p
                            class="styled__StyledFootnote-sc-119w3hf-7 icrlVF styled__Subtext-sc-8qlq5b-2 bNJmdc beans-price__subtext"
                          >
                            £1.17/100sht
                          </p>
                        </div>
                        <div
                          class="base-components__RootElement-sc-1mosoyj-1 styled__Container-vtxwzb-0 jptQqM bDFhXJ beans-buybox__actions beans-quantity-controls__container"
                        >
                          <div
                            class="base-components__RootElement-sc-1mosoyj-1 styled__Container-sc-16t2b2a-0 jptQqM PUfgZ styled__StyledFormGroup-vtxwzb-1 kzKuAr beans-quantity-controls__form-group beans-form-group__container"
                          >
                            <label
                              class="styled__StyledLabel-sc-1ttuvhr-0 bwxooU beans-form-group__label beans-label"
                              for="quantity-controls-301883882"
                              >Quantity controls
                            </label>
                            <div
                              class="base-components__BaseElement-sc-1mosoyj-0 styled__Children-sc-16t2b2a-3 oznwo gdJvjO beans-form-group__children"
                            >
                              <div
                                class="styled__StyledQuantityControlWrapper-vtxwzb-6 LCxOg"
                              >
                                <label
                                  id="quantity-controls-301883882-label"
                                  class="styled__VisuallyHiddenLabel-vtxwzb-7 gXlLiM"
                                  >add Fred &amp; Flo 60 Sensitive Toilet Wipes
                                  to basket</label
                                ><input
                                  class="base-components__RootElement-sc-1mosoyj-1 styled__StyledInput-sc-1jd5f57-0 jptQqM hupFMH styled__StyledInput-vtxwzb-3 lwMHo beans-quantity-controls__input beans-input"
                                  data-auto="beans-quantity-controls-input"
                                  autocomplete="off"
                                  id="quantity-controls-301883882"
                                  maxlength="2"
                                  name="newValue"
                                  type="number"
                                  aria-labelledby="quantity-controls-301883882-label"
                                  value="1"
                                />
                              </div>
                              <button
                                class="styled__BaseButton-rsekm1-0 styled__PrimaryButton-rsekm1-2 jChbeY geeWOF styled__StyledButton-vtxwzb-5 japAxb beans-quantity-controls__add-button beans-button__container"
                                type="submit"
                                data-auto="beans-quantity-controls-add-button"
                                aria-label="add Fred &amp; Flo 60 Sensitive Toilet Wipes to basket"
                              >
                                <span
                                  class="base-components__BaseElement-sc-1mosoyj-0 styled__InnerContainer-rsekm1-1 oznwo fuFres beans-button__inner-container"
                                  ><span
                                    class="base-components__BaseElement-sc-1mosoyj-0 styled__TextSpan-rsekm1-4 oznwo GDiMp beans-button__text"
                                    >Add</span
                                  ></span
                                >
                              </button>
                            </div>
                          </div>
                        </div>
                      </div>
                    </div>
                    <input
                      name="_csrf"
                      type="hidden"
                      value="F4ilyTJl-LvtqLgFsBkctxWaUBk6u5LvYpFM"
                    />
                  </form>
                </div>
              </div>
            </div>
            <div class="hidden-medium product-info-section-small">
              <div class="product-info-message-list"></div>
            </div>
          </div>
        </div>
      </div>
    </div>
  </li>
  <li class="product-list--list-item">
    <div class="styles__StyledVerticalTileWrapper-dvv1wj-0 dtCNPH">
      <div
        data-auto="product-tile"
        data-auto-type="Quantity"
        data-auto-available="true"
        data-auto-is-restricted-disabled="false"
        data-auto-is-substitute="false"
        class="styles__StyledVerticalTile-dvv1wj-1 hJqNin"
      >
        <div class="styles__StyledTileContentWrapper-dvv1wj-2 bkNhNP beans">
          <div
            id="tile-305732462"
            data-auto-id="305732462"
            class="styles__StyledTiledContent-dvv1wj-3 bcglTg"
          >
            <a
              href="/groceries/en-GB/products/305732462"
              aria-hidden="true"
              class="product-image-wrapper"
              tabindex="1"
              ><div class="product-image__container">
                <picture
                  ><img
                    class="styled__Image-sjvkdn-0 bJErKA product-image beans-responsive-image__image"
                    src="https://digitalcontent.api.tesco.com/v2/media/ghs/86c54874-729c-4e51-95ff-9a74fb44dc97/2ece6092-e8ca-410d-88e9-5bf04aaef3b6_244594533.jpeg?h=225&amp;w=225"
                    srcset="
                      https://digitalcontent.api.tesco.com/v2/media/ghs/86c54874-729c-4e51-95ff-9a74fb44dc97/2ece6092-e8ca-410d-88e9-5bf04aaef3b6_244594533.jpeg?h=225&amp;w=225  768w,
                      https://digitalcontent.api.tesco.com/v2/media/ghs/86c54874-729c-4e51-95ff-9a74fb44dc97/2ece6092-e8ca-410d-88e9-5bf04aaef3b6_244594533.jpeg?h=225&amp;w=225 4000w
                    "
                    alt="Fred &amp; Flo 56 Biodegradable Extra Sensitive Wipes"
                /></picture></div
            ></a>
            <div class="product-details--wrapper">
              <h3>
                <a
                  href="/groceries/en-GB/products/305732462"
                  class="styled__Anchor-sc-1xbujuz-0 bmBCJq beans-link__anchor"
                  data-auto="product-tile--title"
                  ><span
                    class="styled__Text-sc-1xbujuz-1 ldbwMG beans-link__text"
                    >Fred &amp; Flo 56 Biodegradable Extra Sensitive Wipes</span
                  ></a
                >
              </h3>
              <div
                class="styles__StyledPromotionsAboveMobile-dvv1wj-7 iPTMuo"
              ></div>
              <div class="styles__StyledProductDetailsContent-dvv1wj-5 ddRSrq">
                <a
                  href="/groceries/en-GB/reviews/submission/305732462?from=%2Fshop%2Fbaby%2Fall"
                  aria-label="Write a review for Fred &amp; Flo 56 Biodegradable Extra Sensitive Wipes"
                  class="styled__Anchor-sc-1xbujuz-0 cFilde beans-link__anchor"
                  data-auto="review-link"
                  ><span
                    class="styled__Text-sc-1xbujuz-1 fyDIEo beans-link__text"
                    >Write a review</span
                  ><span
                    class="styled__IconContainer-sc-1xbujuz-2 bSauSL beans-link__icon-container"
                    ><svg
                      aria-hidden="true"
                      class="styled__SVG-xxa4wh-1 hQMCqc beans-link__icon beans-icon__svg"
                      height="13.33"
                      preserveAspectRatio="xMinYMax meet"
                      viewBox="-1 0 12 20"
                      width="8"
                      xmlns="http://www.w3.org/2000/svg"
                      color="currentColor"
                    >
                      <path
                        d="M1.312 1.348L10.276 10l-8.964 8.644"
                        fill="none"
                        stroke="currentColor"
                      ></path></svg></span
                ></a>
                <div>
                  <a
                    href="/groceries/en-GB/shop/baby/baby-and-toddler-wipes/fragrance-free-baby-wipes/single-pack-fragrance-free-baby-wipes"
                    class="styled__Anchor-sc-1xbujuz-0 cFilde beans-link__anchor"
                    ><span
                      class="styled__Text-sc-1xbujuz-1 fyDIEo beans-link__text"
                      >Rest of
                      <span class="visually-hidden"
                        >Single Pack Fragrance Free Baby Wipes</span
                      >
                      shelf</span
                    ><span
                      class="styled__IconContainer-sc-1xbujuz-2 bSauSL beans-link__icon-container"
                      ><svg
                        aria-hidden="true"
                        class="styled__SVG-xxa4wh-1 hQMCqc beans-link__icon beans-icon__svg"
                        height="13.33"
                        preserveAspectRatio="xMinYMax meet"
                        viewBox="-1 0 12 20"
                        width="8"
                        xmlns="http://www.w3.org/2000/svg"
                        color="currentColor"
                      >
                        <path
                          d="M1.312 1.348L10.276 10l-8.964 8.644"
                          fill="none"
                          stroke="currentColor"
                        ></path></svg></span
                  ></a>
                </div>
                <div class="product-info-message-section">
                  <div class="product-info-message-list"></div>
                </div>
              </div>
              <div class="styles__StyledBuyBoxWrapper-dvv1wj-4 dSvjUC">
                <div
                  class="styles__StyledBuyBoxContainer-sc-1wx0qp6-0 dAXuso"
                  data-auto="buybox-container"
                >
                  <form
                    action="/groceries/en-GB/trolley/items/305732462?_method=PUT"
                    method="POST"
                    quantitytype="simple-quantity"
                    class="styles__SafeFormWrapper-jtpu2t-0 lcrYKS"
                  >
                    <input type="submit" class="hidden" /><input
                      name="id"
                      type="hidden"
                      value="305732462"
                    /><input
                      name="identifier"
                      type="hidden"
                      value="Page"
                    /><input
                      name="anchorId"
                      type="hidden"
                      value="#tile-305732462"
                    /><input
                      name="returnUrl"
                      type="hidden"
                      value="/groceries/en-GB/shop/baby/all#tile-305732462"
                    /><input name="backToUrl" type="hidden" value="#" /><input
                      name="oldValue"
                      type="hidden"
                      value="0"
                    /><input
                      name="oldUnitChoice"
                      type="hidden"
                      value="pcs"
                    /><input name="newUnitChoice" type="hidden" value="pcs" />
                    <div
                      class="base-components__RootElement-sc-1mosoyj-1 styled__Container-sc-6nhkzi-0 jptQqM hSNpTb beans-buybox__container"
                    >
                      <div
                        class="base-components__BaseElement-sc-1mosoyj-0 styled__PriceAndActions-sc-6nhkzi-3 oznwo eEPLov beans-buybox__price-and-actions"
                      >
                        <div
                          class="base-components__RootElement-sc-1mosoyj-1 styled__Container-sc-8qlq5b-0 jptQqM bgZrjw styled__StyledPrice-sc-6nhkzi-5 iYHeik beans-buybox__price beans-price__container"
                        >
                          <p
                            class="styled__StyledHeading-sc-119w3hf-2 jWPEtj styled__Text-sc-8qlq5b-1 lnaeiZ beans-price__text"
                          >
                            £0.80
                          </p>
                          <p
                            class="styled__StyledFootnote-sc-119w3hf-7 icrlVF styled__Subtext-sc-8qlq5b-2 bNJmdc beans-price__subtext"
                          >
                            £1.43/100sht
                          </p>
                        </div>
                        <div
                          class="base-components__RootElement-sc-1mosoyj-1 styled__Container-vtxwzb-0 jptQqM bDFhXJ beans-buybox__actions beans-quantity-controls__container"
                        >
                          <div
                            class="base-components__RootElement-sc-1mosoyj-1 styled__Container-sc-16t2b2a-0 jptQqM PUfgZ styled__StyledFormGroup-vtxwzb-1 kzKuAr beans-quantity-controls__form-group beans-form-group__container"
                          >
                            <label
                              class="styled__StyledLabel-sc-1ttuvhr-0 bwxooU beans-form-group__label beans-label"
                              for="quantity-controls-305732462"
                              >Quantity controls
                            </label>
                            <div
                              class="base-components__BaseElement-sc-1mosoyj-0 styled__Children-sc-16t2b2a-3 oznwo gdJvjO beans-form-group__children"
                            >
                              <div
                                class="styled__StyledQuantityControlWrapper-vtxwzb-6 LCxOg"
                              >
                                <label
                                  id="quantity-controls-305732462-label"
                                  class="styled__VisuallyHiddenLabel-vtxwzb-7 gXlLiM"
                                  >add Fred &amp; Flo 56 Biodegradable Extra
                                  Sensitive Wipes to basket</label
                                ><input
                                  class="base-components__RootElement-sc-1mosoyj-1 styled__StyledInput-sc-1jd5f57-0 jptQqM hupFMH styled__StyledInput-vtxwzb-3 lwMHo beans-quantity-controls__input beans-input"
                                  data-auto="beans-quantity-controls-input"
                                  autocomplete="off"
                                  id="quantity-controls-305732462"
                                  maxlength="2"
                                  name="newValue"
                                  type="number"
                                  aria-labelledby="quantity-controls-305732462-label"
                                  value="1"
                                />
                              </div>
                              <button
                                class="styled__BaseButton-rsekm1-0 styled__PrimaryButton-rsekm1-2 jChbeY geeWOF styled__StyledButton-vtxwzb-5 japAxb beans-quantity-controls__add-button beans-button__container"
                                type="submit"
                                data-auto="beans-quantity-controls-add-button"
                                aria-label="add Fred &amp; Flo 56 Biodegradable Extra Sensitive Wipes to basket"
                              >
                                <span
                                  class="base-components__BaseElement-sc-1mosoyj-0 styled__InnerContainer-rsekm1-1 oznwo fuFres beans-button__inner-container"
                                  ><span
                                    class="base-components__BaseElement-sc-1mosoyj-0 styled__TextSpan-rsekm1-4 oznwo GDiMp beans-button__text"
                                    >Add</span
                                  ></span
                                >
                              </button>
                            </div>
                          </div>
                        </div>
                      </div>
                    </div>
                    <input
                      name="_csrf"
                      type="hidden"
                      value="F4ilyTJl-LvtqLgFsBkctxWaUBk6u5LvYpFM"
                    />
                  </form>
                </div>
              </div>
            </div>
            <div class="hidden-medium product-info-section-small">
              <div class="product-info-message-list"></div>
            </div>
          </div>
        </div>
      </div>
    </div>
  </li>
  <li class="product-list--list-item">
    <div class="styles__StyledVerticalTileWrapper-dvv1wj-0 dtCNPH">
      <div
        data-auto="product-tile"
        data-auto-type="Quantity"
        data-auto-available="true"
        data-auto-is-restricted-disabled="false"
        data-auto-is-substitute="false"
        class="styles__StyledVerticalTile-dvv1wj-1 hJqNin"
      >
        <div class="styles__StyledTileContentWrapper-dvv1wj-2 bkNhNP beans">
          <div
            id="tile-301891336"
            data-auto-id="301891336"
            class="styles__StyledTiledContent-dvv1wj-3 bcglTg"
          >
            <a
              href="/groceries/en-GB/products/301891336"
              aria-hidden="true"
              class="product-image-wrapper"
              tabindex="1"
              ><div class="product-image__container">
                <picture
                  ><img
                    class="styled__Image-sjvkdn-0 bJErKA product-image beans-responsive-image__image"
                    src="https://digitalcontent.api.tesco.com/v2/media/ghs/1704bb47-3289-4e96-bf54-656e91333a24/0471bc61-a100-4783-b484-597028adead1_1717078677.jpeg?h=225&amp;w=225"
                    srcset="
                      https://digitalcontent.api.tesco.com/v2/media/ghs/1704bb47-3289-4e96-bf54-656e91333a24/0471bc61-a100-4783-b484-597028adead1_1717078677.jpeg?h=225&amp;w=225  768w,
                      https://digitalcontent.api.tesco.com/v2/media/ghs/1704bb47-3289-4e96-bf54-656e91333a24/0471bc61-a100-4783-b484-597028adead1_1717078677.jpeg?h=225&amp;w=225 4000w
                    "
                    alt="Fred &amp; Flo Baby Head To Toe Wash 500Ml"
                /></picture></div
            ></a>
            <div class="product-details--wrapper">
              <h3>
                <a
                  href="/groceries/en-GB/products/301891336"
                  class="styled__Anchor-sc-1xbujuz-0 bmBCJq beans-link__anchor"
                  data-auto="product-tile--title"
                  ><span
                    class="styled__Text-sc-1xbujuz-1 ldbwMG beans-link__text"
                    >Fred &amp; Flo Baby Head To Toe Wash 500Ml</span
                  ></a
                >
              </h3>
              <div
                class="styles__StyledPromotionsAboveMobile-dvv1wj-7 iPTMuo"
              ></div>
              <div class="styles__StyledProductDetailsContent-dvv1wj-5 ddRSrq">
                <a
                  href="/groceries/en-GB/reviews/submission/301891336?from=%2Fshop%2Fbaby%2Fall"
                  aria-label="Write a review for Fred &amp; Flo Baby Head To Toe Wash 500Ml"
                  class="styled__Anchor-sc-1xbujuz-0 cFilde beans-link__anchor"
                  data-auto="review-link"
                  ><span
                    class="styled__Text-sc-1xbujuz-1 fyDIEo beans-link__text"
                    >Write a review</span
                  ><span
                    class="styled__IconContainer-sc-1xbujuz-2 bSauSL beans-link__icon-container"
                    ><svg
                      aria-hidden="true"
                      class="styled__SVG-xxa4wh-1 hQMCqc beans-link__icon beans-icon__svg"
                      height="13.33"
                      preserveAspectRatio="xMinYMax meet"
                      viewBox="-1 0 12 20"
                      width="8"
                      xmlns="http://www.w3.org/2000/svg"
                      color="currentColor"
                    >
                      <path
                        d="M1.312 1.348L10.276 10l-8.964 8.644"
                        fill="none"
                        stroke="currentColor"
                      ></path></svg></span
                ></a>
                <div>
                  <a
                    href="/groceries/en-GB/shop/baby/baby-and-toddler-toiletries/baby-bath-and-baby-wash/baby-wash"
                    class="styled__Anchor-sc-1xbujuz-0 cFilde beans-link__anchor"
                    ><span
                      class="styled__Text-sc-1xbujuz-1 fyDIEo beans-link__text"
                      >Rest of
                      <span class="visually-hidden">Baby Wash</span> shelf</span
                    ><span
                      class="styled__IconContainer-sc-1xbujuz-2 bSauSL beans-link__icon-container"
                      ><svg
                        aria-hidden="true"
                        class="styled__SVG-xxa4wh-1 hQMCqc beans-link__icon beans-icon__svg"
                        height="13.33"
                        preserveAspectRatio="xMinYMax meet"
                        viewBox="-1 0 12 20"
                        width="8"
                        xmlns="http://www.w3.org/2000/svg"
                        color="currentColor"
                      >
                        <path
                          d="M1.312 1.348L10.276 10l-8.964 8.644"
                          fill="none"
                          stroke="currentColor"
                        ></path></svg></span
                  ></a>
                </div>
                <div class="product-info-message-section">
                  <div class="product-info-message-list"></div>
                </div>
              </div>
              <div class="styles__StyledBuyBoxWrapper-dvv1wj-4 dSvjUC">
                <div
                  class="styles__StyledBuyBoxContainer-sc-1wx0qp6-0 dAXuso"
                  data-auto="buybox-container"
                >
                  <form
                    action="/groceries/en-GB/trolley/items/301891336?_method=PUT"
                    method="POST"
                    quantitytype="simple-quantity"
                    class="styles__SafeFormWrapper-jtpu2t-0 lcrYKS"
                  >
                    <input type="submit" class="hidden" /><input
                      name="id"
                      type="hidden"
                      value="301891336"
                    /><input
                      name="identifier"
                      type="hidden"
                      value="Page"
                    /><input
                      name="anchorId"
                      type="hidden"
                      value="#tile-301891336"
                    /><input
                      name="returnUrl"
                      type="hidden"
                      value="/groceries/en-GB/shop/baby/all#tile-301891336"
                    /><input name="backToUrl" type="hidden" value="#" /><input
                      name="oldValue"
                      type="hidden"
                      value="0"
                    /><input
                      name="oldUnitChoice"
                      type="hidden"
                      value="pcs"
                    /><input name="newUnitChoice" type="hidden" value="pcs" />
                    <div
                      class="base-components__RootElement-sc-1mosoyj-1 styled__Container-sc-6nhkzi-0 jptQqM hSNpTb beans-buybox__container"
                    >
                      <div
                        class="base-components__BaseElement-sc-1mosoyj-0 styled__PriceAndActions-sc-6nhkzi-3 oznwo eEPLov beans-buybox__price-and-actions"
                      >
                        <div
                          class="base-components__RootElement-sc-1mosoyj-1 styled__Container-sc-8qlq5b-0 jptQqM bgZrjw styled__StyledPrice-sc-6nhkzi-5 iYHeik beans-buybox__price beans-price__container"
                        >
                          <p
                            class="styled__StyledHeading-sc-119w3hf-2 jWPEtj styled__Text-sc-8qlq5b-1 lnaeiZ beans-price__text"
                          >
                            £1.00
                          </p>
                          <p
                            class="styled__StyledFootnote-sc-119w3hf-7 icrlVF styled__Subtext-sc-8qlq5b-2 bNJmdc beans-price__subtext"
                          >
                            £0.20/100ml
                          </p>
                        </div>
                        <div
                          class="base-components__RootElement-sc-1mosoyj-1 styled__Container-vtxwzb-0 jptQqM bDFhXJ beans-buybox__actions beans-quantity-controls__container"
                        >
                          <div
                            class="base-components__RootElement-sc-1mosoyj-1 styled__Container-sc-16t2b2a-0 jptQqM PUfgZ styled__StyledFormGroup-vtxwzb-1 kzKuAr beans-quantity-controls__form-group beans-form-group__container"
                          >
                            <label
                              class="styled__StyledLabel-sc-1ttuvhr-0 bwxooU beans-form-group__label beans-label"
                              for="quantity-controls-301891336"
                              >Quantity controls
                            </label>
                            <div
                              class="base-components__BaseElement-sc-1mosoyj-0 styled__Children-sc-16t2b2a-3 oznwo gdJvjO beans-form-group__children"
                            >
                              <div
                                class="styled__StyledQuantityControlWrapper-vtxwzb-6 LCxOg"
                              >
                                <label
                                  id="quantity-controls-301891336-label"
                                  class="styled__VisuallyHiddenLabel-vtxwzb-7 gXlLiM"
                                  >add Fred &amp; Flo Baby Head To Toe Wash
                                  500Ml to basket</label
                                ><input
                                  class="base-components__RootElement-sc-1mosoyj-1 styled__StyledInput-sc-1jd5f57-0 jptQqM hupFMH styled__StyledInput-vtxwzb-3 lwMHo beans-quantity-controls__input beans-input"
                                  data-auto="beans-quantity-controls-input"
                                  autocomplete="off"
                                  id="quantity-controls-301891336"
                                  maxlength="2"
                                  name="newValue"
                                  type="number"
                                  aria-labelledby="quantity-controls-301891336-label"
                                  value="1"
                                />
                              </div>
                              <button
                                class="styled__BaseButton-rsekm1-0 styled__PrimaryButton-rsekm1-2 jChbeY geeWOF styled__StyledButton-vtxwzb-5 japAxb beans-quantity-controls__add-button beans-button__container"
                                type="submit"
                                data-auto="beans-quantity-controls-add-button"
                                aria-label="add Fred &amp; Flo Baby Head To Toe Wash 500Ml to basket"
                              >
                                <span
                                  class="base-components__BaseElement-sc-1mosoyj-0 styled__InnerContainer-rsekm1-1 oznwo fuFres beans-button__inner-container"
                                  ><span
                                    class="base-components__BaseElement-sc-1mosoyj-0 styled__TextSpan-rsekm1-4 oznwo GDiMp beans-button__text"
                                    >Add</span
                                  ></span
                                >
                              </button>
                            </div>
                          </div>
                        </div>
                      </div>
                    </div>
                    <input
                      name="_csrf"
                      type="hidden"
                      value="F4ilyTJl-LvtqLgFsBkctxWaUBk6u5LvYpFM"
                    />
                  </form>
                </div>
              </div>
            </div>
            <div class="hidden-medium product-info-section-small">
              <div class="product-info-message-list"></div>
            </div>
          </div>
        </div>
      </div>
    </div>
  </li>
  <li class="product-list--list-item">
    <div class="styles__StyledVerticalTileWrapper-dvv1wj-0 dtCNPH">
      <div
        data-auto="product-tile"
        data-auto-type="Quantity"
        data-auto-available="true"
        data-auto-is-restricted-disabled="false"
        data-auto-is-substitute="false"
        class="styles__StyledVerticalTile-dvv1wj-1 hJqNin"
      >
        <div class="styles__StyledTileContentWrapper-dvv1wj-2 bkNhNP beans">
          <div
            id="tile-308108863"
            data-auto-id="308108863"
            class="styles__StyledTiledContent-dvv1wj-3 bcglTg"
          >
            <a
              href="/groceries/en-GB/products/308108863"
              aria-hidden="true"
              class="product-image-wrapper"
              tabindex="1"
              ><div class="product-image__container">
                <picture
                  ><img
                    class="styled__Image-sjvkdn-0 bJErKA product-image beans-responsive-image__image"
                    src="https://digitalcontent.api.tesco.com/v2/media/ghs/6be7c99a-98d5-4013-a67b-c0b3ac8df75d/381220f6-8f01-4e68-b636-5f3298498360_2113341018.jpeg?h=225&amp;w=225"
                    srcset="
                      https://digitalcontent.api.tesco.com/v2/media/ghs/6be7c99a-98d5-4013-a67b-c0b3ac8df75d/381220f6-8f01-4e68-b636-5f3298498360_2113341018.jpeg?h=225&amp;w=225  768w,
                      https://digitalcontent.api.tesco.com/v2/media/ghs/6be7c99a-98d5-4013-a67b-c0b3ac8df75d/381220f6-8f01-4e68-b636-5f3298498360_2113341018.jpeg?h=225&amp;w=225 4000w
                    "
                    alt="Fred &amp; Flo Ultra Dry Size 7 Nappies 22Pack"
                /></picture></div
            ></a>
            <div class="product-details--wrapper">
              <h3>
                <a
                  href="/groceries/en-GB/products/308108863"
                  class="styled__Anchor-sc-1xbujuz-0 bmBCJq beans-link__anchor"
                  data-auto="product-tile--title"
                  ><span
                    class="styled__Text-sc-1xbujuz-1 ldbwMG beans-link__text"
                    >Fred &amp; Flo Ultra Dry Size 7 Nappies 22Pack</span
                  ></a
                >
              </h3>
              <div
                class="styles__StyledPromotionsAboveMobile-dvv1wj-7 iPTMuo"
              ></div>
              <div class="styles__StyledProductDetailsContent-dvv1wj-5 ddRSrq">
                <a
                  href="/groceries/en-GB/reviews/submission/308108863?from=%2Fshop%2Fbaby%2Fall"
                  aria-label="Write a review for Fred &amp; Flo Ultra Dry Size 7 Nappies 22Pack"
                  class="styled__Anchor-sc-1xbujuz-0 cFilde beans-link__anchor"
                  data-auto="review-link"
                  ><span
                    class="styled__Text-sc-1xbujuz-1 fyDIEo beans-link__text"
                    >Write a review</span
                  ><span
                    class="styled__IconContainer-sc-1xbujuz-2 bSauSL beans-link__icon-container"
                    ><svg
                      aria-hidden="true"
                      class="styled__SVG-xxa4wh-1 hQMCqc beans-link__icon beans-icon__svg"
                      height="13.33"
                      preserveAspectRatio="xMinYMax meet"
                      viewBox="-1 0 12 20"
                      width="8"
                      xmlns="http://www.w3.org/2000/svg"
                      color="currentColor"
                    >
                      <path
                        d="M1.312 1.348L10.276 10l-8.964 8.644"
                        fill="none"
                        stroke="currentColor"
                      ></path></svg></span
                ></a>
                <div>
                  <a
                    href="/groceries/en-GB/shop/baby/nappies-and-pants/size-7-and-8-nappies-and-pants/size-7-nappies-and-pants"
                    class="styled__Anchor-sc-1xbujuz-0 cFilde beans-link__anchor"
                    ><span
                      class="styled__Text-sc-1xbujuz-1 fyDIEo beans-link__text"
                      >Rest of
                      <span class="visually-hidden"
                        >Size 7 Nappies &amp; Pants</span
                      >
                      shelf</span
                    ><span
                      class="styled__IconContainer-sc-1xbujuz-2 bSauSL beans-link__icon-container"
                      ><svg
                        aria-hidden="true"
                        class="styled__SVG-xxa4wh-1 hQMCqc beans-link__icon beans-icon__svg"
                        height="13.33"
                        preserveAspectRatio="xMinYMax meet"
                        viewBox="-1 0 12 20"
                        width="8"
                        xmlns="http://www.w3.org/2000/svg"
                        color="currentColor"
                      >
                        <path
                          d="M1.312 1.348L10.276 10l-8.964 8.644"
                          fill="none"
                          stroke="currentColor"
                        ></path></svg></span
                  ></a>
                </div>
                <div class="product-info-message-section">
                  <div class="product-info-message-list"></div>
                </div>
              </div>
              <div class="styles__StyledBuyBoxWrapper-dvv1wj-4 dSvjUC">
                <div
                  class="styles__StyledBuyBoxContainer-sc-1wx0qp6-0 dAXuso"
                  data-auto="buybox-container"
                >
                  <form
                    action="/groceries/en-GB/trolley/items/308108863?_method=PUT"
                    method="POST"
                    quantitytype="simple-quantity"
                    class="styles__SafeFormWrapper-jtpu2t-0 lcrYKS"
                  >
                    <input type="submit" class="hidden" /><input
                      name="id"
                      type="hidden"
                      value="308108863"
                    /><input
                      name="identifier"
                      type="hidden"
                      value="Page"
                    /><input
                      name="anchorId"
                      type="hidden"
                      value="#tile-308108863"
                    /><input
                      name="returnUrl"
                      type="hidden"
                      value="/groceries/en-GB/shop/baby/all#tile-308108863"
                    /><input name="backToUrl" type="hidden" value="#" /><input
                      name="oldValue"
                      type="hidden"
                      value="0"
                    /><input
                      name="oldUnitChoice"
                      type="hidden"
                      value="pcs"
                    /><input name="newUnitChoice" type="hidden" value="pcs" />
                    <div
                      class="base-components__RootElement-sc-1mosoyj-1 styled__Container-sc-6nhkzi-0 jptQqM hSNpTb beans-buybox__container"
                    >
                      <div
                        class="base-components__BaseElement-sc-1mosoyj-0 styled__PriceAndActions-sc-6nhkzi-3 oznwo eEPLov beans-buybox__price-and-actions"
                      >
                        <div
                          class="base-components__RootElement-sc-1mosoyj-1 styled__Container-sc-8qlq5b-0 jptQqM bgZrjw styled__StyledPrice-sc-6nhkzi-5 iYHeik beans-buybox__price beans-price__container"
                        >
                          <p
                            class="styled__StyledHeading-sc-119w3hf-2 jWPEtj styled__Text-sc-8qlq5b-1 lnaeiZ beans-price__text"
                          >
                            £2.99
                          </p>
                          <p
                            class="styled__StyledFootnote-sc-119w3hf-7 icrlVF styled__Subtext-sc-8qlq5b-2 bNJmdc beans-price__subtext"
                          >
                            £0.14/each
                          </p>
                        </div>
                        <div
                          class="base-components__RootElement-sc-1mosoyj-1 styled__Container-vtxwzb-0 jptQqM bDFhXJ beans-buybox__actions beans-quantity-controls__container"
                        >
                          <div
                            class="base-components__RootElement-sc-1mosoyj-1 styled__Container-sc-16t2b2a-0 jptQqM PUfgZ styled__StyledFormGroup-vtxwzb-1 kzKuAr beans-quantity-controls__form-group beans-form-group__container"
                          >
                            <label
                              class="styled__StyledLabel-sc-1ttuvhr-0 bwxooU beans-form-group__label beans-label"
                              for="quantity-controls-308108863"
                              >Quantity controls
                            </label>
                            <div
                              class="base-components__BaseElement-sc-1mosoyj-0 styled__Children-sc-16t2b2a-3 oznwo gdJvjO beans-form-group__children"
                            >
                              <div
                                class="styled__StyledQuantityControlWrapper-vtxwzb-6 LCxOg"
                              >
                                <label
                                  id="quantity-controls-308108863-label"
                                  class="styled__VisuallyHiddenLabel-vtxwzb-7 gXlLiM"
                                  >add Fred &amp; Flo Ultra Dry Size 7 Nappies
                                  22Pack to basket</label
                                ><input
                                  class="base-components__RootElement-sc-1mosoyj-1 styled__StyledInput-sc-1jd5f57-0 jptQqM hupFMH styled__StyledInput-vtxwzb-3 lwMHo beans-quantity-controls__input beans-input"
                                  data-auto="beans-quantity-controls-input"
                                  autocomplete="off"
                                  id="quantity-controls-308108863"
                                  maxlength="2"
                                  name="newValue"
                                  type="number"
                                  aria-labelledby="quantity-controls-308108863-label"
                                  value="1"
                                />
                              </div>
                              <button
                                class="styled__BaseButton-rsekm1-0 styled__PrimaryButton-rsekm1-2 jChbeY geeWOF styled__StyledButton-vtxwzb-5 japAxb beans-quantity-controls__add-button beans-button__container"
                                type="submit"
                                data-auto="beans-quantity-controls-add-button"
                                aria-label="add Fred &amp; Flo Ultra Dry Size 7 Nappies 22Pack to basket"
                              >
                                <span
                                  class="base-components__BaseElement-sc-1mosoyj-0 styled__InnerContainer-rsekm1-1 oznwo fuFres beans-button__inner-container"
                                  ><span
                                    class="base-components__BaseElement-sc-1mosoyj-0 styled__TextSpan-rsekm1-4 oznwo GDiMp beans-button__text"
                                    >Add</span
                                  ></span
                                >
                              </button>
                            </div>
                          </div>
                        </div>
                      </div>
                    </div>
                    <input
                      name="_csrf"
                      type="hidden"
                      value="F4ilyTJl-LvtqLgFsBkctxWaUBk6u5LvYpFM"
                    />
                  </form>
                </div>
              </div>
            </div>
            <div class="hidden-medium product-info-section-small">
              <div class="product-info-message-list"></div>
            </div>
          </div>
        </div>
      </div>
    </div>
  </li>
  <li class="product-list--list-item">
    <div class="styles__StyledVerticalTileWrapper-dvv1wj-0 dtCNPH">
      <div
        data-auto="product-tile"
        data-auto-type="Quantity"
        data-auto-available="true"
        data-auto-is-restricted-disabled="false"
        data-auto-is-substitute="false"
        class="styles__StyledVerticalTile-dvv1wj-1 hJqNin"
      >
        <div class="styles__StyledTileContentWrapper-dvv1wj-2 bkNhNP beans">
          <div
            id="tile-306495567"
            data-auto-id="306495567"
            class="styles__StyledTiledContent-dvv1wj-3 bcglTg"
          >
            <a
              href="/groceries/en-GB/products/306495567"
              aria-hidden="true"
              class="product-image-wrapper"
              tabindex="1"
              ><div class="product-image__container">
                <picture
                  ><img
                    class="styled__Image-sjvkdn-0 bJErKA product-image beans-responsive-image__image"
                    src="https://digitalcontent.api.tesco.com/v2/media/ghs/0951c3a3-7ee6-4aed-b8bb-a395dec41613/d111a5c4-67a5-4620-b046-010b54e893ec_338953651.jpeg?h=225&amp;w=225"
                    srcset="
                      https://digitalcontent.api.tesco.com/v2/media/ghs/0951c3a3-7ee6-4aed-b8bb-a395dec41613/d111a5c4-67a5-4620-b046-010b54e893ec_338953651.jpeg?h=225&amp;w=225  768w,
                      https://digitalcontent.api.tesco.com/v2/media/ghs/0951c3a3-7ee6-4aed-b8bb-a395dec41613/d111a5c4-67a5-4620-b046-010b54e893ec_338953651.jpeg?h=225&amp;w=225 4000w
                    "
                    alt="Fred &amp; Flo 60 Biodegradable Fragranced Wipes"
                /></picture></div
            ></a>
            <div class="product-details--wrapper">
              <h3>
                <a
                  href="/groceries/en-GB/products/306495567"
                  class="styled__Anchor-sc-1xbujuz-0 bmBCJq beans-link__anchor"
                  data-auto="product-tile--title"
                  ><span
                    class="styled__Text-sc-1xbujuz-1 ldbwMG beans-link__text"
                    >Fred &amp; Flo 60 Biodegradable Fragranced Wipes</span
                  ></a
                >
              </h3>
              <div
                class="styles__StyledPromotionsAboveMobile-dvv1wj-7 iPTMuo"
              ></div>
              <div class="styles__StyledProductDetailsContent-dvv1wj-5 ddRSrq">
                <a
                  href="/groceries/en-GB/reviews/submission/306495567?from=%2Fshop%2Fbaby%2Fall"
                  aria-label="Write a review for Fred &amp; Flo 60 Biodegradable Fragranced Wipes"
                  class="styled__Anchor-sc-1xbujuz-0 cFilde beans-link__anchor"
                  data-auto="review-link"
                  ><span
                    class="styled__Text-sc-1xbujuz-1 fyDIEo beans-link__text"
                    >Write a review</span
                  ><span
                    class="styled__IconContainer-sc-1xbujuz-2 bSauSL beans-link__icon-container"
                    ><svg
                      aria-hidden="true"
                      class="styled__SVG-xxa4wh-1 hQMCqc beans-link__icon beans-icon__svg"
                      height="13.33"
                      preserveAspectRatio="xMinYMax meet"
                      viewBox="-1 0 12 20"
                      width="8"
                      xmlns="http://www.w3.org/2000/svg"
                      color="currentColor"
                    >
                      <path
                        d="M1.312 1.348L10.276 10l-8.964 8.644"
                        fill="none"
                        stroke="currentColor"
                      ></path></svg></span
                ></a>
                <div>
                  <a
                    href="/groceries/en-GB/shop/baby/baby-and-toddler-wipes/fragranced-baby-wipes/single-pack-fragranced-baby-wipes"
                    class="styled__Anchor-sc-1xbujuz-0 cFilde beans-link__anchor"
                    ><span
                      class="styled__Text-sc-1xbujuz-1 fyDIEo beans-link__text"
                      >Rest of
                      <span class="visually-hidden"
                        >Single Pack Fragranced Baby Wipes</span
                      >
                      shelf</span
                    ><span
                      class="styled__IconContainer-sc-1xbujuz-2 bSauSL beans-link__icon-container"
                      ><svg
                        aria-hidden="true"
                        class="styled__SVG-xxa4wh-1 hQMCqc beans-link__icon beans-icon__svg"
                        height="13.33"
                        preserveAspectRatio="xMinYMax meet"
                        viewBox="-1 0 12 20"
                        width="8"
                        xmlns="http://www.w3.org/2000/svg"
                        color="currentColor"
                      >
                        <path
                          d="M1.312 1.348L10.276 10l-8.964 8.644"
                          fill="none"
                          stroke="currentColor"
                        ></path></svg></span
                  ></a>
                </div>
                <div class="product-info-message-section">
                  <div class="product-info-message-list"></div>
                </div>
              </div>
              <div class="styles__StyledBuyBoxWrapper-dvv1wj-4 dSvjUC">
                <div
                  class="styles__StyledBuyBoxContainer-sc-1wx0qp6-0 dAXuso"
                  data-auto="buybox-container"
                >
                  <form
                    action="/groceries/en-GB/trolley/items/306495567?_method=PUT"
                    method="POST"
                    quantitytype="simple-quantity"
                    class="styles__SafeFormWrapper-jtpu2t-0 lcrYKS"
                  >
                    <input type="submit" class="hidden" /><input
                      name="id"
                      type="hidden"
                      value="306495567"
                    /><input
                      name="identifier"
                      type="hidden"
                      value="Page"
                    /><input
                      name="anchorId"
                      type="hidden"
                      value="#tile-306495567"
                    /><input
                      name="returnUrl"
                      type="hidden"
                      value="/groceries/en-GB/shop/baby/all#tile-306495567"
                    /><input name="backToUrl" type="hidden" value="#" /><input
                      name="oldValue"
                      type="hidden"
                      value="0"
                    /><input
                      name="oldUnitChoice"
                      type="hidden"
                      value="pcs"
                    /><input name="newUnitChoice" type="hidden" value="pcs" />
                    <div
                      class="base-components__RootElement-sc-1mosoyj-1 styled__Container-sc-6nhkzi-0 jptQqM hSNpTb beans-buybox__container"
                    >
                      <div
                        class="base-components__BaseElement-sc-1mosoyj-0 styled__PriceAndActions-sc-6nhkzi-3 oznwo eEPLov beans-buybox__price-and-actions"
                      >
                        <div
                          class="base-components__RootElement-sc-1mosoyj-1 styled__Container-sc-8qlq5b-0 jptQqM bgZrjw styled__StyledPrice-sc-6nhkzi-5 iYHeik beans-buybox__price beans-price__container"
                        >
                          <p
                            class="styled__StyledHeading-sc-119w3hf-2 jWPEtj styled__Text-sc-8qlq5b-1 lnaeiZ beans-price__text"
                          >
                            £0.70
                          </p>
                          <p
                            class="styled__StyledFootnote-sc-119w3hf-7 icrlVF styled__Subtext-sc-8qlq5b-2 bNJmdc beans-price__subtext"
                          >
                            £1.17/100sht
                          </p>
                        </div>
                        <div
                          class="base-components__RootElement-sc-1mosoyj-1 styled__Container-vtxwzb-0 jptQqM bDFhXJ beans-buybox__actions beans-quantity-controls__container"
                        >
                          <div
                            class="base-components__RootElement-sc-1mosoyj-1 styled__Container-sc-16t2b2a-0 jptQqM PUfgZ styled__StyledFormGroup-vtxwzb-1 kzKuAr beans-quantity-controls__form-group beans-form-group__container"
                          >
                            <label
                              class="styled__StyledLabel-sc-1ttuvhr-0 bwxooU beans-form-group__label beans-label"
                              for="quantity-controls-306495567"
                              >Quantity controls
                            </label>
                            <div
                              class="base-components__BaseElement-sc-1mosoyj-0 styled__Children-sc-16t2b2a-3 oznwo gdJvjO beans-form-group__children"
                            >
                              <div
                                class="styled__StyledQuantityControlWrapper-vtxwzb-6 LCxOg"
                              >
                                <label
                                  id="quantity-controls-306495567-label"
                                  class="styled__VisuallyHiddenLabel-vtxwzb-7 gXlLiM"
                                  >add Fred &amp; Flo 60 Biodegradable
                                  Fragranced Wipes to basket</label
                                ><input
                                  class="base-components__RootElement-sc-1mosoyj-1 styled__StyledInput-sc-1jd5f57-0 jptQqM hupFMH styled__StyledInput-vtxwzb-3 lwMHo beans-quantity-controls__input beans-input"
                                  data-auto="beans-quantity-controls-input"
                                  autocomplete="off"
                                  id="quantity-controls-306495567"
                                  maxlength="2"
                                  name="newValue"
                                  type="number"
                                  aria-labelledby="quantity-controls-306495567-label"
                                  value="1"
                                />
                              </div>
                              <button
                                class="styled__BaseButton-rsekm1-0 styled__PrimaryButton-rsekm1-2 jChbeY geeWOF styled__StyledButton-vtxwzb-5 japAxb beans-quantity-controls__add-button beans-button__container"
                                type="submit"
                                data-auto="beans-quantity-controls-add-button"
                                aria-label="add Fred &amp; Flo 60 Biodegradable Fragranced Wipes to basket"
                              >
                                <span
                                  class="base-components__BaseElement-sc-1mosoyj-0 styled__InnerContainer-rsekm1-1 oznwo fuFres beans-button__inner-container"
                                  ><span
                                    class="base-components__BaseElement-sc-1mosoyj-0 styled__TextSpan-rsekm1-4 oznwo GDiMp beans-button__text"
                                    >Add</span
                                  ></span
                                >
                              </button>
                            </div>
                          </div>
                        </div>
                      </div>
                    </div>
                    <input
                      name="_csrf"
                      type="hidden"
                      value="F4ilyTJl-LvtqLgFsBkctxWaUBk6u5LvYpFM"
                    />
                  </form>
                </div>
              </div>
            </div>
            <div class="hidden-medium product-info-section-small">
              <div class="product-info-message-list"></div>
            </div>
          </div>
        </div>
      </div>
    </div>
  </li>
  <li class="product-list--list-item">
    <div class="styles__StyledVerticalTileWrapper-dvv1wj-0 dtCNPH">
      <div
        data-auto="product-tile"
        data-auto-type="Quantity"
        data-auto-available="true"
        data-auto-is-restricted-disabled="false"
        data-auto-is-substitute="false"
        class="styles__StyledVerticalTile-dvv1wj-1 hJqNin"
      >
        <div class="styles__StyledTileContentWrapper-dvv1wj-2 bkNhNP beans">
          <div
            id="tile-305973746"
            data-auto-id="305973746"
            class="styles__StyledTiledContent-dvv1wj-3 bcglTg"
          >
            <div
              data-auto="product-actions"
              class="styles__StyledProductActions-dvv1wj-9 cWzYZF"
            >
              <div class="styled__StyledIcon-p4cmb3-0 hoSzKr favourite-icon">
                <span
                  class="favorite-heart-icon"
                  title="This item is in your favourites"
                ></span
                ><span class="visually-hidden"
                  >This item is in your favourites</span
                >
              </div>
            </div>
            <a
              href="/groceries/en-GB/products/305973746"
              aria-hidden="true"
              class="product-image-wrapper"
              tabindex="1"
              ><div class="product-image__container">
                <picture
                  ><img
                    class="styled__Image-sjvkdn-0 bJErKA product-image beans-responsive-image__image"
                    src="https://digitalcontent.api.tesco.com/v2/media/ghs/a754ee87-576a-4a24-9b30-cc4b155df15a/1fc3a6ca-b556-4534-bd94-542b1dcc1c6d_2006760464.jpeg?h=225&amp;w=225"
                    srcset="
                      https://digitalcontent.api.tesco.com/v2/media/ghs/a754ee87-576a-4a24-9b30-cc4b155df15a/1fc3a6ca-b556-4534-bd94-542b1dcc1c6d_2006760464.jpeg?h=225&amp;w=225  768w,
                      https://digitalcontent.api.tesco.com/v2/media/ghs/a754ee87-576a-4a24-9b30-cc4b155df15a/1fc3a6ca-b556-4534-bd94-542b1dcc1c6d_2006760464.jpeg?h=225&amp;w=225 4000w
                    "
                    alt="Fred &amp; Flo 60 Biodegradable Fragrance Free Wipes"
                /></picture></div
            ></a>
            <div class="product-details--wrapper">
              <h3>
                <a
                  href="/groceries/en-GB/products/305973746"
                  class="styled__Anchor-sc-1xbujuz-0 dvxzcv beans-link__anchor"
                  data-auto="product-tile--title"
                  ><span
                    class="styled__Text-sc-1xbujuz-1 ldbwMG beans-link__text"
                    >Fred &amp; Flo 60 Biodegradable Fragrance Free Wipes</span
                  ></a
                >
              </h3>
              <div
                class="styles__StyledPromotionsAboveMobile-dvv1wj-7 iPTMuo"
              ></div>
              <div class="styles__StyledProductDetailsContent-dvv1wj-5 gAGtuX">
                <a
                  href="/groceries/en-GB/reviews/submission/305973746?from=%2Fshop%2Fbaby%2Fall"
                  aria-label="Write a review for Fred &amp; Flo 60 Biodegradable Fragrance Free Wipes"
                  class="styled__Anchor-sc-1xbujuz-0 cFilde beans-link__anchor"
                  data-auto="review-link"
                  ><span
                    class="styled__Text-sc-1xbujuz-1 fyDIEo beans-link__text"
                    >Write a review</span
                  ><span
                    class="styled__IconContainer-sc-1xbujuz-2 bSauSL beans-link__icon-container"
                    ><svg
                      aria-hidden="true"
                      class="styled__SVG-xxa4wh-1 hQMCqc beans-link__icon beans-icon__svg"
                      height="13.33"
                      preserveAspectRatio="xMinYMax meet"
                      viewBox="-1 0 12 20"
                      width="8"
                      xmlns="http://www.w3.org/2000/svg"
                      color="currentColor"
                    >
                      <path
                        d="M1.312 1.348L10.276 10l-8.964 8.644"
                        fill="none"
                        stroke="currentColor"
                      ></path></svg></span
                ></a>
                <div>
                  <a
                    href="/groceries/en-GB/shop/baby/baby-and-toddler-wipes/fragrance-free-baby-wipes/single-pack-fragrance-free-baby-wipes"
                    class="styled__Anchor-sc-1xbujuz-0 cFilde beans-link__anchor"
                    ><span
                      class="styled__Text-sc-1xbujuz-1 fyDIEo beans-link__text"
                      >Rest of
                      <span class="visually-hidden"
                        >Single Pack Fragrance Free Baby Wipes</span
                      >
                      shelf</span
                    ><span
                      class="styled__IconContainer-sc-1xbujuz-2 bSauSL beans-link__icon-container"
                      ><svg
                        aria-hidden="true"
                        class="styled__SVG-xxa4wh-1 hQMCqc beans-link__icon beans-icon__svg"
                        height="13.33"
                        preserveAspectRatio="xMinYMax meet"
                        viewBox="-1 0 12 20"
                        width="8"
                        xmlns="http://www.w3.org/2000/svg"
                        color="currentColor"
                      >
                        <path
                          d="M1.312 1.348L10.276 10l-8.964 8.644"
                          fill="none"
                          stroke="currentColor"
                        ></path></svg></span
                  ></a>
                </div>
                <div class="product-info-message-section">
                  <div class="product-info-message-list"></div>
                </div>
              </div>
              <div class="styles__StyledBuyBoxWrapper-dvv1wj-4 dSvjUC">
                <div
                  class="styles__StyledBuyBoxContainer-sc-1wx0qp6-0 dAXuso"
                  data-auto="buybox-container"
                >
                  <form
                    action="/groceries/en-GB/trolley/items/305973746?_method=PUT"
                    method="POST"
                    quantitytype="simple-quantity"
                    class="styles__SafeFormWrapper-jtpu2t-0 lcrYKS"
                  >
                    <input type="submit" class="hidden" /><input
                      name="id"
                      type="hidden"
                      value="305973746"
                    /><input
                      name="identifier"
                      type="hidden"
                      value="Page"
                    /><input
                      name="anchorId"
                      type="hidden"
                      value="#tile-305973746"
                    /><input
                      name="returnUrl"
                      type="hidden"
                      value="/groceries/en-GB/shop/baby/all#tile-305973746"
                    /><input name="backToUrl" type="hidden" value="#" /><input
                      name="oldValue"
                      type="hidden"
                      value="0"
                    /><input
                      name="oldUnitChoice"
                      type="hidden"
                      value="pcs"
                    /><input name="newUnitChoice" type="hidden" value="pcs" />
                    <div
                      class="base-components__RootElement-sc-1mosoyj-1 styled__Container-sc-6nhkzi-0 jptQqM hSNpTb beans-buybox__container"
                    >
                      <div
                        class="base-components__BaseElement-sc-1mosoyj-0 styled__PriceAndActions-sc-6nhkzi-3 oznwo eEPLov beans-buybox__price-and-actions"
                      >
                        <div
                          class="base-components__RootElement-sc-1mosoyj-1 styled__Container-sc-8qlq5b-0 jptQqM bgZrjw styled__StyledPrice-sc-6nhkzi-5 iYHeik beans-buybox__price beans-price__container"
                        >
                          <p
                            class="styled__StyledHeading-sc-119w3hf-2 jWPEtj styled__Text-sc-8qlq5b-1 lnaeiZ beans-price__text"
                          >
                            £0.70
                          </p>
                          <p
                            class="styled__StyledFootnote-sc-119w3hf-7 icrlVF styled__Subtext-sc-8qlq5b-2 bNJmdc beans-price__subtext"
                          >
                            £1.17/100sht
                          </p>
                        </div>
                        <div
                          class="base-components__RootElement-sc-1mosoyj-1 styled__Container-vtxwzb-0 jptQqM bDFhXJ beans-buybox__actions beans-quantity-controls__container"
                        >
                          <div
                            class="base-components__RootElement-sc-1mosoyj-1 styled__Container-sc-16t2b2a-0 jptQqM PUfgZ styled__StyledFormGroup-vtxwzb-1 kzKuAr beans-quantity-controls__form-group beans-form-group__container"
                          >
                            <label
                              class="styled__StyledLabel-sc-1ttuvhr-0 bwxooU beans-form-group__label beans-label"
                              for="quantity-controls-305973746"
                              >Quantity controls
                            </label>
                            <div
                              class="base-components__BaseElement-sc-1mosoyj-0 styled__Children-sc-16t2b2a-3 oznwo gdJvjO beans-form-group__children"
                            >
                              <div
                                class="styled__StyledQuantityControlWrapper-vtxwzb-6 LCxOg"
                              >
                                <label
                                  id="quantity-controls-305973746-label"
                                  class="styled__VisuallyHiddenLabel-vtxwzb-7 gXlLiM"
                                  >add Fred &amp; Flo 60 Biodegradable Fragrance
                                  Free Wipes to basket</label
                                ><input
                                  class="base-components__RootElement-sc-1mosoyj-1 styled__StyledInput-sc-1jd5f57-0 jptQqM hupFMH styled__StyledInput-vtxwzb-3 lwMHo beans-quantity-controls__input beans-input"
                                  data-auto="beans-quantity-controls-input"
                                  autocomplete="off"
                                  id="quantity-controls-305973746"
                                  maxlength="2"
                                  name="newValue"
                                  type="number"
                                  aria-labelledby="quantity-controls-305973746-label"
                                  value="1"
                                />
                              </div>
                              <button
                                class="styled__BaseButton-rsekm1-0 styled__PrimaryButton-rsekm1-2 jChbeY geeWOF styled__StyledButton-vtxwzb-5 japAxb beans-quantity-controls__add-button beans-button__container"
                                type="submit"
                                data-auto="beans-quantity-controls-add-button"
                                aria-label="add Fred &amp; Flo 60 Biodegradable Fragrance Free Wipes to basket"
                              >
                                <span
                                  class="base-components__BaseElement-sc-1mosoyj-0 styled__InnerContainer-rsekm1-1 oznwo fuFres beans-button__inner-container"
                                  ><span
                                    class="base-components__BaseElement-sc-1mosoyj-0 styled__TextSpan-rsekm1-4 oznwo GDiMp beans-button__text"
                                    >Add</span
                                  ></span
                                >
                              </button>
                            </div>
                          </div>
                        </div>
                      </div>
                    </div>
                    <input
                      name="_csrf"
                      type="hidden"
                      value="F4ilyTJl-LvtqLgFsBkctxWaUBk6u5LvYpFM"
                    />
                  </form>
                </div>
              </div>
            </div>
            <div class="hidden-medium product-info-section-small">
              <div class="product-info-message-list"></div>
            </div>
          </div>
        </div>
      </div>
    </div>
  </li>
  <li class="product-list--list-item">
    <div class="styles__StyledVerticalTileWrapper-dvv1wj-0 dtCNPH">
      <div
        data-auto="product-tile"
        data-auto-type="Quantity"
        data-auto-available="true"
        data-auto-is-restricted-disabled="false"
        data-auto-is-substitute="false"
        class="styles__StyledVerticalTile-dvv1wj-1 hJqNin"
      >
        <div class="styles__StyledTileContentWrapper-dvv1wj-2 bkNhNP beans">
          <div
            id="tile-309488859"
            data-auto-id="309488859"
            class="styles__StyledTiledContent-dvv1wj-3 bcglTg"
          >
            <a
              href="/groceries/en-GB/products/309488859"
              aria-hidden="true"
              class="product-image-wrapper"
              tabindex="1"
              ><div class="product-image__container">
                <picture
                  ><img
                    class="styled__Image-sjvkdn-0 bJErKA product-image beans-responsive-image__image"
                    src="https://digitalcontent.api.tesco.com/v2/media/ghs/da474b26-0b11-40ff-9efa-13a5cca04c86/4d5d288d-34ee-419d-9b0b-3dc6d8d49b4a_209145622.jpeg?h=225&amp;w=225"
                    srcset="
                      https://digitalcontent.api.tesco.com/v2/media/ghs/da474b26-0b11-40ff-9efa-13a5cca04c86/4d5d288d-34ee-419d-9b0b-3dc6d8d49b4a_209145622.jpeg?h=225&amp;w=225  768w,
                      https://digitalcontent.api.tesco.com/v2/media/ghs/da474b26-0b11-40ff-9efa-13a5cca04c86/4d5d288d-34ee-419d-9b0b-3dc6d8d49b4a_209145622.jpeg?h=225&amp;w=225 4000w
                    "
                    alt="Huggies Natural Biodegradable Plastic Free 48 Baby Wipes"
                /></picture></div
            ></a>
            <div class="product-details--wrapper">
              <h3>
                <a
                  href="/groceries/en-GB/products/309488859"
                  class="styled__Anchor-sc-1xbujuz-0 bmBCJq beans-link__anchor"
                  data-auto="product-tile--title"
                  ><span
                    class="styled__Text-sc-1xbujuz-1 ldbwMG beans-link__text"
                    >Huggies Natural Biodegradable Plastic Free 48 Baby
                    Wipes</span
                  ></a
                >
              </h3>
              <div
                class="styles__StyledPromotionsAboveMobile-dvv1wj-7 iPTMuo"
              ></div>
              <div class="styles__StyledProductDetailsContent-dvv1wj-5 ddRSrq">
                <a
                  href="/groceries/en-GB/reviews/submission/309488859?from=%2Fshop%2Fbaby%2Fall"
                  aria-label="Write a review for Huggies Natural Biodegradable Plastic Free 48 Baby Wipes"
                  class="styled__Anchor-sc-1xbujuz-0 cFilde beans-link__anchor"
                  data-auto="review-link"
                  ><span
                    class="styled__Text-sc-1xbujuz-1 fyDIEo beans-link__text"
                    >Write a review</span
                  ><span
                    class="styled__IconContainer-sc-1xbujuz-2 bSauSL beans-link__icon-container"
                    ><svg
                      aria-hidden="true"
                      class="styled__SVG-xxa4wh-1 hQMCqc beans-link__icon beans-icon__svg"
                      height="13.33"
                      preserveAspectRatio="xMinYMax meet"
                      viewBox="-1 0 12 20"
                      width="8"
                      xmlns="http://www.w3.org/2000/svg"
                      color="currentColor"
                    >
                      <path
                        d="M1.312 1.348L10.276 10l-8.964 8.644"
                        fill="none"
                        stroke="currentColor"
                      ></path></svg></span
                ></a>
                <div>
                  <a
                    href="/groceries/en-GB/shop/baby/baby-and-toddler-wipes/fragrance-free-baby-wipes/single-pack-fragrance-free-baby-wipes"
                    class="styled__Anchor-sc-1xbujuz-0 cFilde beans-link__anchor"
                    ><span
                      class="styled__Text-sc-1xbujuz-1 fyDIEo beans-link__text"
                      >Rest of
                      <span class="visually-hidden"
                        >Single Pack Fragrance Free Baby Wipes</span
                      >
                      shelf</span
                    ><span
                      class="styled__IconContainer-sc-1xbujuz-2 bSauSL beans-link__icon-container"
                      ><svg
                        aria-hidden="true"
                        class="styled__SVG-xxa4wh-1 hQMCqc beans-link__icon beans-icon__svg"
                        height="13.33"
                        preserveAspectRatio="xMinYMax meet"
                        viewBox="-1 0 12 20"
                        width="8"
                        xmlns="http://www.w3.org/2000/svg"
                        color="currentColor"
                      >
                        <path
                          d="M1.312 1.348L10.276 10l-8.964 8.644"
                          fill="none"
                          stroke="currentColor"
                        ></path></svg></span
                  ></a>
                </div>
                <div class="product-info-message-section">
                  <div class="product-info-message-list"></div>
                </div>
              </div>
              <div class="styles__StyledBuyBoxWrapper-dvv1wj-4 dSvjUC">
                <div
                  class="styles__StyledBuyBoxContainer-sc-1wx0qp6-0 dAXuso"
                  data-auto="buybox-container"
                >
                  <form
                    action="/groceries/en-GB/trolley/items/309488859?_method=PUT"
                    method="POST"
                    quantitytype="simple-quantity"
                    class="styles__SafeFormWrapper-jtpu2t-0 lcrYKS"
                  >
                    <input type="submit" class="hidden" /><input
                      name="id"
                      type="hidden"
                      value="309488859"
                    /><input
                      name="identifier"
                      type="hidden"
                      value="Page"
                    /><input
                      name="anchorId"
                      type="hidden"
                      value="#tile-309488859"
                    /><input
                      name="returnUrl"
                      type="hidden"
                      value="/groceries/en-GB/shop/baby/all#tile-309488859"
                    /><input name="backToUrl" type="hidden" value="#" /><input
                      name="oldValue"
                      type="hidden"
                      value="0"
                    /><input
                      name="oldUnitChoice"
                      type="hidden"
                      value="pcs"
                    /><input name="newUnitChoice" type="hidden" value="pcs" />
                    <div
                      class="base-components__RootElement-sc-1mosoyj-1 styled__Container-sc-6nhkzi-0 jptQqM hSNpTb beans-buybox__container"
                    >
                      <div
                        class="base-components__BaseElement-sc-1mosoyj-0 styled__PriceAndActions-sc-6nhkzi-3 oznwo eEPLov beans-buybox__price-and-actions"
                      >
                        <div
                          class="base-components__RootElement-sc-1mosoyj-1 styled__Container-sc-8qlq5b-0 jptQqM bgZrjw styled__StyledPrice-sc-6nhkzi-5 iYHeik beans-buybox__price beans-price__container"
                        >
                          <p
                            class="styled__StyledHeading-sc-119w3hf-2 jWPEtj styled__Text-sc-8qlq5b-1 lnaeiZ beans-price__text"
                          >
                            £1.00
                          </p>
                          <p
                            class="styled__StyledFootnote-sc-119w3hf-7 icrlVF styled__Subtext-sc-8qlq5b-2 bNJmdc beans-price__subtext"
                          >
                            £2.09/100sht
                          </p>
                        </div>
                        <div
                          class="base-components__RootElement-sc-1mosoyj-1 styled__Container-vtxwzb-0 jptQqM bDFhXJ beans-buybox__actions beans-quantity-controls__container"
                        >
                          <div
                            class="base-components__RootElement-sc-1mosoyj-1 styled__Container-sc-16t2b2a-0 jptQqM PUfgZ styled__StyledFormGroup-vtxwzb-1 kzKuAr beans-quantity-controls__form-group beans-form-group__container"
                          >
                            <label
                              class="styled__StyledLabel-sc-1ttuvhr-0 bwxooU beans-form-group__label beans-label"
                              for="quantity-controls-309488859"
                              >Quantity controls
                            </label>
                            <div
                              class="base-components__BaseElement-sc-1mosoyj-0 styled__Children-sc-16t2b2a-3 oznwo gdJvjO beans-form-group__children"
                            >
                              <div
                                class="styled__StyledQuantityControlWrapper-vtxwzb-6 LCxOg"
                              >
                                <label
                                  id="quantity-controls-309488859-label"
                                  class="styled__VisuallyHiddenLabel-vtxwzb-7 gXlLiM"
                                  >add Huggies Natural Biodegradable Plastic
                                  Free 48 Baby Wipes to basket</label
                                ><input
                                  class="base-components__RootElement-sc-1mosoyj-1 styled__StyledInput-sc-1jd5f57-0 jptQqM hupFMH styled__StyledInput-vtxwzb-3 lwMHo beans-quantity-controls__input beans-input"
                                  data-auto="beans-quantity-controls-input"
                                  autocomplete="off"
                                  id="quantity-controls-309488859"
                                  maxlength="2"
                                  name="newValue"
                                  type="number"
                                  aria-labelledby="quantity-controls-309488859-label"
                                  value="1"
                                />
                              </div>
                              <button
                                class="styled__BaseButton-rsekm1-0 styled__PrimaryButton-rsekm1-2 jChbeY geeWOF styled__StyledButton-vtxwzb-5 japAxb beans-quantity-controls__add-button beans-button__container"
                                type="submit"
                                data-auto="beans-quantity-controls-add-button"
                                aria-label="add Huggies Natural Biodegradable Plastic Free 48 Baby Wipes to basket"
                              >
                                <span
                                  class="base-components__BaseElement-sc-1mosoyj-0 styled__InnerContainer-rsekm1-1 oznwo fuFres beans-button__inner-container"
                                  ><span
                                    class="base-components__BaseElement-sc-1mosoyj-0 styled__TextSpan-rsekm1-4 oznwo GDiMp beans-button__text"
                                    >Add</span
                                  ></span
                                >
                              </button>
                            </div>
                          </div>
                        </div>
                      </div>
                    </div>
                    <input
                      name="_csrf"
                      type="hidden"
                      value="F4ilyTJl-LvtqLgFsBkctxWaUBk6u5LvYpFM"
                    />
                  </form>
                </div>
              </div>
            </div>
            <div class="hidden-medium product-info-section-small">
              <div class="product-info-message-list"></div>
            </div>
          </div>
        </div>
      </div>
    </div>
  </li>
  <li class="product-list--list-item">
    <div class="styles__StyledVerticalTileWrapper-dvv1wj-0 dtCNPH">
      <div
        data-auto="product-tile"
        data-auto-type="Quantity"
        data-auto-available="true"
        data-auto-is-restricted-disabled="false"
        data-auto-is-substitute="false"
        class="styles__StyledVerticalTile-dvv1wj-1 hJqNin"
      >
        <div class="styles__StyledTileContentWrapper-dvv1wj-2 bkNhNP beans">
          <div
            id="tile-303350127"
            data-auto-id="303350127"
            class="styles__StyledTiledContent-dvv1wj-3 bcglTg"
          >
            <a
              href="/groceries/en-GB/products/303350127"
              aria-hidden="true"
              class="product-image-wrapper"
              tabindex="1"
              ><div class="product-image__container">
                <picture
                  ><img
                    class="styled__Image-sjvkdn-0 bJErKA product-image beans-responsive-image__image"
                    src="https://digitalcontent.api.tesco.com/v2/media/ghs/c0e81f2a-8e9a-44a5-9b17-01aa1f8323b5/d41149aa-c7b4-49d2-b964-ffdcc0f11107_2023318926.jpeg?h=225&amp;w=225"
                    srcset="
                      https://digitalcontent.api.tesco.com/v2/media/ghs/c0e81f2a-8e9a-44a5-9b17-01aa1f8323b5/d41149aa-c7b4-49d2-b964-ffdcc0f11107_2023318926.jpeg?h=225&amp;w=225  768w,
                      https://digitalcontent.api.tesco.com/v2/media/ghs/c0e81f2a-8e9a-44a5-9b17-01aa1f8323b5/d41149aa-c7b4-49d2-b964-ffdcc0f11107_2023318926.jpeg?h=225&amp;w=225 4000w
                    "
                    alt="Johnson's Baby Cotton Buds 200 Pieces"
                /></picture></div
            ></a>
            <div class="product-details--wrapper">
              <h3>
                <a
                  href="/groceries/en-GB/products/303350127"
                  class="styled__Anchor-sc-1xbujuz-0 bmBCJq beans-link__anchor"
                  data-auto="product-tile--title"
                  ><span
                    class="styled__Text-sc-1xbujuz-1 ldbwMG beans-link__text"
                    >Johnson's Baby Cotton Buds 200 Pieces</span
                  ></a
                >
              </h3>
              <div
                class="styles__StyledPromotionsAboveMobile-dvv1wj-7 iPTMuo"
              ></div>
              <div class="styles__StyledProductDetailsContent-dvv1wj-5 ddRSrq">
                <a
                  href="/groceries/en-GB/reviews/submission/303350127?from=%2Fshop%2Fbaby%2Fall"
                  aria-label="Write a review for Johnson's Baby Cotton Buds 200 Pieces"
                  class="styled__Anchor-sc-1xbujuz-0 cFilde beans-link__anchor"
                  data-auto="review-link"
                  ><span
                    class="styled__Text-sc-1xbujuz-1 fyDIEo beans-link__text"
                    >Write a review</span
                  ><span
                    class="styled__IconContainer-sc-1xbujuz-2 bSauSL beans-link__icon-container"
                    ><svg
                      aria-hidden="true"
                      class="styled__SVG-xxa4wh-1 hQMCqc beans-link__icon beans-icon__svg"
                      height="13.33"
                      preserveAspectRatio="xMinYMax meet"
                      viewBox="-1 0 12 20"
                      width="8"
                      xmlns="http://www.w3.org/2000/svg"
                      color="currentColor"
                    >
                      <path
                        d="M1.312 1.348L10.276 10l-8.964 8.644"
                        fill="none"
                        stroke="currentColor"
                      ></path></svg></span
                ></a>
                <div>
                  <a
                    href="/groceries/en-GB/shop/baby/baby-and-toddler-toiletries/baby-cotton-wool-buds-and-sponges/baby-cotton-buds"
                    class="styled__Anchor-sc-1xbujuz-0 cFilde beans-link__anchor"
                    ><span
                      class="styled__Text-sc-1xbujuz-1 fyDIEo beans-link__text"
                      >Rest of
                      <span class="visually-hidden">Baby Cotton Buds</span>
                      shelf</span
                    ><span
                      class="styled__IconContainer-sc-1xbujuz-2 bSauSL beans-link__icon-container"
                      ><svg
                        aria-hidden="true"
                        class="styled__SVG-xxa4wh-1 hQMCqc beans-link__icon beans-icon__svg"
                        height="13.33"
                        preserveAspectRatio="xMinYMax meet"
                        viewBox="-1 0 12 20"
                        width="8"
                        xmlns="http://www.w3.org/2000/svg"
                        color="currentColor"
                      >
                        <path
                          d="M1.312 1.348L10.276 10l-8.964 8.644"
                          fill="none"
                          stroke="currentColor"
                        ></path></svg></span
                  ></a>
                </div>
                <div class="product-info-message-section">
                  <div class="product-info-message-list"></div>
                </div>
              </div>
              <div class="styles__StyledBuyBoxWrapper-dvv1wj-4 dSvjUC">
                <div
                  class="styles__StyledBuyBoxContainer-sc-1wx0qp6-0 dAXuso"
                  data-auto="buybox-container"
                >
                  <form
                    action="/groceries/en-GB/trolley/items/303350127?_method=PUT"
                    method="POST"
                    quantitytype="simple-quantity"
                    class="styles__SafeFormWrapper-jtpu2t-0 lcrYKS"
                  >
                    <input type="submit" class="hidden" /><input
                      name="id"
                      type="hidden"
                      value="303350127"
                    /><input
                      name="identifier"
                      type="hidden"
                      value="Page"
                    /><input
                      name="anchorId"
                      type="hidden"
                      value="#tile-303350127"
                    /><input
                      name="returnUrl"
                      type="hidden"
                      value="/groceries/en-GB/shop/baby/all#tile-303350127"
                    /><input name="backToUrl" type="hidden" value="#" /><input
                      name="oldValue"
                      type="hidden"
                      value="0"
                    /><input
                      name="oldUnitChoice"
                      type="hidden"
                      value="pcs"
                    /><input name="newUnitChoice" type="hidden" value="pcs" />
                    <div
                      class="base-components__RootElement-sc-1mosoyj-1 styled__Container-sc-6nhkzi-0 jptQqM hSNpTb beans-buybox__container"
                    >
                      <div
                        class="base-components__BaseElement-sc-1mosoyj-0 styled__PriceAndActions-sc-6nhkzi-3 oznwo eEPLov beans-buybox__price-and-actions"
                      >
                        <div
                          class="base-components__RootElement-sc-1mosoyj-1 styled__Container-sc-8qlq5b-0 jptQqM bgZrjw styled__StyledPrice-sc-6nhkzi-5 iYHeik beans-buybox__price beans-price__container"
                        >
                          <p
                            class="styled__StyledHeading-sc-119w3hf-2 jWPEtj styled__Text-sc-8qlq5b-1 lnaeiZ beans-price__text"
                          >
                            £0.95
                          </p>
                          <p
                            class="styled__StyledFootnote-sc-119w3hf-7 icrlVF styled__Subtext-sc-8qlq5b-2 bNJmdc beans-price__subtext"
                          >
                            £0.00/each
                          </p>
                        </div>
                        <div
                          class="base-components__RootElement-sc-1mosoyj-1 styled__Container-vtxwzb-0 jptQqM bDFhXJ beans-buybox__actions beans-quantity-controls__container"
                        >
                          <div
                            class="base-components__RootElement-sc-1mosoyj-1 styled__Container-sc-16t2b2a-0 jptQqM PUfgZ styled__StyledFormGroup-vtxwzb-1 kzKuAr beans-quantity-controls__form-group beans-form-group__container"
                          >
                            <label
                              class="styled__StyledLabel-sc-1ttuvhr-0 bwxooU beans-form-group__label beans-label"
                              for="quantity-controls-303350127"
                              >Quantity controls
                            </label>
                            <div
                              class="base-components__BaseElement-sc-1mosoyj-0 styled__Children-sc-16t2b2a-3 oznwo gdJvjO beans-form-group__children"
                            >
                              <div
                                class="styled__StyledQuantityControlWrapper-vtxwzb-6 LCxOg"
                              >
                                <label
                                  id="quantity-controls-303350127-label"
                                  class="styled__VisuallyHiddenLabel-vtxwzb-7 gXlLiM"
                                  >add Johnson's Baby Cotton Buds 200 Pieces to
                                  basket</label
                                ><input
                                  class="base-components__RootElement-sc-1mosoyj-1 styled__StyledInput-sc-1jd5f57-0 jptQqM hupFMH styled__StyledInput-vtxwzb-3 lwMHo beans-quantity-controls__input beans-input"
                                  data-auto="beans-quantity-controls-input"
                                  autocomplete="off"
                                  id="quantity-controls-303350127"
                                  maxlength="2"
                                  name="newValue"
                                  type="number"
                                  aria-labelledby="quantity-controls-303350127-label"
                                  value="1"
                                />
                              </div>
                              <button
                                class="styled__BaseButton-rsekm1-0 styled__PrimaryButton-rsekm1-2 jChbeY geeWOF styled__StyledButton-vtxwzb-5 japAxb beans-quantity-controls__add-button beans-button__container"
                                type="submit"
                                data-auto="beans-quantity-controls-add-button"
                                aria-label="add Johnson's Baby Cotton Buds 200 Pieces to basket"
                              >
                                <span
                                  class="base-components__BaseElement-sc-1mosoyj-0 styled__InnerContainer-rsekm1-1 oznwo fuFres beans-button__inner-container"
                                  ><span
                                    class="base-components__BaseElement-sc-1mosoyj-0 styled__TextSpan-rsekm1-4 oznwo GDiMp beans-button__text"
                                    >Add</span
                                  ></span
                                >
                              </button>
                            </div>
                          </div>
                        </div>
                      </div>
                    </div>
                    <input
                      name="_csrf"
                      type="hidden"
                      value="F4ilyTJl-LvtqLgFsBkctxWaUBk6u5LvYpFM"
                    />
                  </form>
                </div>
              </div>
            </div>
            <div class="hidden-medium product-info-section-small">
              <div class="product-info-message-list"></div>
            </div>
          </div>
        </div>
      </div>
    </div>
  </li>
  <li class="product-list--list-item">
    <div class="styles__StyledVerticalTileWrapper-dvv1wj-0 dtCNPH">
      <div
        data-auto="product-tile"
        data-auto-type="Quantity"
        data-auto-available="true"
        data-auto-is-restricted-disabled="false"
        data-auto-is-substitute="false"
        class="styles__StyledVerticalTile-dvv1wj-1 hJqNin"
      >
        <div class="styles__StyledTileContentWrapper-dvv1wj-2 bkNhNP beans">
          <div
            id="tile-283609297"
            data-auto-id="283609297"
            class="styles__StyledTiledContent-dvv1wj-3 bcglTg"
          >
            <a
              href="/groceries/en-GB/products/283609297"
              aria-hidden="true"
              class="product-image-wrapper"
              tabindex="1"
              ><div class="product-image__container">
                <picture
                  ><img
                    class="styled__Image-sjvkdn-0 bJErKA product-image beans-responsive-image__image"
                    src="https://digitalcontent.api.tesco.com/v2/media/ghs/708042bf-b3fe-4678-bee4-917b3f3b03dc/fc404544-e1bf-42f3-b384-40ec4ea3946a_250621902.jpeg?h=225&amp;w=225"
                    srcset="
                      https://digitalcontent.api.tesco.com/v2/media/ghs/708042bf-b3fe-4678-bee4-917b3f3b03dc/fc404544-e1bf-42f3-b384-40ec4ea3946a_250621902.jpeg?h=225&amp;w=225  768w,
                      https://digitalcontent.api.tesco.com/v2/media/ghs/708042bf-b3fe-4678-bee4-917b3f3b03dc/fc404544-e1bf-42f3-b384-40ec4ea3946a_250621902.jpeg?h=225&amp;w=225 4000w
                    "
                    alt="Organix Blackcurrant Star Fruit 12G"
                /></picture></div
            ></a>
            <div class="product-details--wrapper">
              <h3>
                <a
                  href="/groceries/en-GB/products/283609297"
                  class="styled__Anchor-sc-1xbujuz-0 bmBCJq beans-link__anchor"
                  data-auto="product-tile--title"
                  ><span
                    class="styled__Text-sc-1xbujuz-1 ldbwMG beans-link__text"
                    >Organix Blackcurrant Star Fruit 12G</span
                  ></a
                >
              </h3>
              <div class="styles__StyledProductDetailsContent-dvv1wj-5 ddRSrq">
                <a
                  href="/groceries/en-GB/reviews/submission/283609297?from=%2Fshop%2Fbaby%2Fall"
                  aria-label="Write a review for Organix Blackcurrant Star Fruit 12G"
                  class="styled__Anchor-sc-1xbujuz-0 cFilde beans-link__anchor"
                  data-auto="review-link"
                  ><span
                    class="styled__Text-sc-1xbujuz-1 fyDIEo beans-link__text"
                    >Write a review</span
                  ><span
                    class="styled__IconContainer-sc-1xbujuz-2 bSauSL beans-link__icon-container"
                    ><svg
                      aria-hidden="true"
                      class="styled__SVG-xxa4wh-1 hQMCqc beans-link__icon beans-icon__svg"
                      height="13.33"
                      preserveAspectRatio="xMinYMax meet"
                      viewBox="-1 0 12 20"
                      width="8"
                      xmlns="http://www.w3.org/2000/svg"
                      color="currentColor"
                    >
                      <path
                        d="M1.312 1.348L10.276 10l-8.964 8.644"
                        fill="none"
                        stroke="currentColor"
                      ></path></svg></span
                ></a>
                <div>
                  <a
                    href="/groceries/en-GB/shop/baby/baby-and-toddler-food/baby-and-toddler-snacks/baby-and-toddler-fruit-snacks"
                    class="styled__Anchor-sc-1xbujuz-0 cFilde beans-link__anchor"
                    ><span
                      class="styled__Text-sc-1xbujuz-1 fyDIEo beans-link__text"
                      >Rest of
                      <span class="visually-hidden"
                        >Baby &amp; Toddler Fruit Snacks</span
                      >
                      shelf</span
                    ><span
                      class="styled__IconContainer-sc-1xbujuz-2 bSauSL beans-link__icon-container"
                      ><svg
                        aria-hidden="true"
                        class="styled__SVG-xxa4wh-1 hQMCqc beans-link__icon beans-icon__svg"
                        height="13.33"
                        preserveAspectRatio="xMinYMax meet"
                        viewBox="-1 0 12 20"
                        width="8"
                        xmlns="http://www.w3.org/2000/svg"
                        color="currentColor"
                      >
                        <path
                          d="M1.312 1.348L10.276 10l-8.964 8.644"
                          fill="none"
                          stroke="currentColor"
                        ></path></svg></span
                  ></a>
                </div>
                <div class="product-info-message-section">
                  <div class="product-info-message-list"></div>
                </div>
              </div>
              <div
                class="styles__StyledPromotionsWithBuyBoxWrapper-dvv1wj-8 cZskDh"
              >
                <div
                  class="styles__StyledPromotionsAboveMobile-dvv1wj-7 iPTMuo"
                >
                  <div
                    class="styles__StyledPromotionsWithClubcardPriceContainer-sc-1vdpoop-0 bsPFbn"
                  >
                    <div class="styles__StyledClubcardLogo-sc-1vdpoop-2 elOZEB">
                      <div
                        class="styles__Wrapper-sc-1d2phhy-0 hgBuQG undefined special-offer-sash"
                      >
                        <span class="styles__CircleWrapper-sc-1d2phhy-2 hCbzjm"
                          ><strong
                            class="styles__TextWrapper-sc-1d2phhy-1 bLXNGg"
                            >Clubcard Price</strong
                          ></span
                        >
                      </div>
                    </div>
                    <a href="/groceries/en-GB/promotions/88512315"
                      ><div
                        class="styles__ProductPromotionStyling-sc-1vdpoop-3 oqgZF"
                      >
                        <div
                          class="styles__StyledPromotionsOfferContent-sc-1vdpoop-1 cPSekc"
                        >
                          <span class="offer-text"
                            >Any 6 for £3 Clubcard Price - Selected Organix Or
                            Kiddylicious Baby Food 6g - 20g</span
                          >
                        </div>
                        <span class="dates"
                          >Offer valid for delivery from 18/05/2022 until
                          28/06/2022</span
                        >
                      </div></a
                    >
                  </div>
                </div>
                <div class="styles__StyledBuyBoxWrapper-dvv1wj-4 dSvjUC">
                  <div
                    class="styles__StyledBuyBoxContainer-sc-1wx0qp6-0 dAXuso"
                    data-auto="buybox-container"
                  >
                    <form
                      action="/groceries/en-GB/trolley/items/283609297?_method=PUT"
                      method="POST"
                      quantitytype="simple-quantity"
                      class="styles__SafeFormWrapper-jtpu2t-0 lcrYKS"
                    >
                      <input type="submit" class="hidden" /><input
                        name="id"
                        type="hidden"
                        value="283609297"
                      /><input
                        name="identifier"
                        type="hidden"
                        value="Page"
                      /><input
                        name="anchorId"
                        type="hidden"
                        value="#tile-283609297"
                      /><input
                        name="returnUrl"
                        type="hidden"
                        value="/groceries/en-GB/shop/baby/all#tile-283609297"
                      /><input name="backToUrl" type="hidden" value="#" /><input
                        name="oldValue"
                        type="hidden"
                        value="0"
                      /><input
                        name="oldUnitChoice"
                        type="hidden"
                        value="pcs"
                      /><input name="newUnitChoice" type="hidden" value="pcs" />
                      <div
                        class="base-components__RootElement-sc-1mosoyj-1 styled__Container-sc-6nhkzi-0 jptQqM hSNpTb beans-buybox__container"
                      >
                        <div
                          class="base-components__BaseElement-sc-1mosoyj-0 styled__PriceAndActions-sc-6nhkzi-3 oznwo eEPLov beans-buybox__price-and-actions"
                        >
                          <div
                            class="base-components__RootElement-sc-1mosoyj-1 styled__Container-sc-8qlq5b-0 jptQqM bgZrjw styled__StyledPrice-sc-6nhkzi-5 iYHeik beans-buybox__price beans-price__container"
                          >
                            <p
                              class="styled__StyledHeading-sc-119w3hf-2 jWPEtj styled__Text-sc-8qlq5b-1 lnaeiZ beans-price__text"
                            >
                              £0.55
                            </p>
                            <p
                              class="styled__StyledFootnote-sc-119w3hf-7 icrlVF styled__Subtext-sc-8qlq5b-2 bNJmdc beans-price__subtext"
                            >
                              £4.59/100g
                            </p>
                          </div>
                          <div
                            class="base-components__RootElement-sc-1mosoyj-1 styled__Container-vtxwzb-0 jptQqM bDFhXJ beans-buybox__actions beans-quantity-controls__container"
                          >
                            <div
                              class="base-components__RootElement-sc-1mosoyj-1 styled__Container-sc-16t2b2a-0 jptQqM PUfgZ styled__StyledFormGroup-vtxwzb-1 kzKuAr beans-quantity-controls__form-group beans-form-group__container"
                            >
                              <label
                                class="styled__StyledLabel-sc-1ttuvhr-0 bwxooU beans-form-group__label beans-label"
                                for="quantity-controls-283609297"
                                >Quantity controls
                              </label>
                              <div
                                class="base-components__BaseElement-sc-1mosoyj-0 styled__Children-sc-16t2b2a-3 oznwo gdJvjO beans-form-group__children"
                              >
                                <div
                                  class="styled__StyledQuantityControlWrapper-vtxwzb-6 LCxOg"
                                >
                                  <label
                                    id="quantity-controls-283609297-label"
                                    class="styled__VisuallyHiddenLabel-vtxwzb-7 gXlLiM"
                                    >add Organix Blackcurrant Star Fruit 12G to
                                    basket</label
                                  ><input
                                    class="base-components__RootElement-sc-1mosoyj-1 styled__StyledInput-sc-1jd5f57-0 jptQqM hupFMH styled__StyledInput-vtxwzb-3 lwMHo beans-quantity-controls__input beans-input"
                                    data-auto="beans-quantity-controls-input"
                                    autocomplete="off"
                                    id="quantity-controls-283609297"
                                    maxlength="2"
                                    name="newValue"
                                    type="number"
                                    aria-labelledby="quantity-controls-283609297-label"
                                    value="1"
                                  />
                                </div>
                                <button
                                  class="styled__BaseButton-rsekm1-0 styled__PrimaryButton-rsekm1-2 jChbeY geeWOF styled__StyledButton-vtxwzb-5 japAxb beans-quantity-controls__add-button beans-button__container"
                                  type="submit"
                                  data-auto="beans-quantity-controls-add-button"
                                  aria-label="add Organix Blackcurrant Star Fruit 12G to basket"
                                >
                                  <span
                                    class="base-components__BaseElement-sc-1mosoyj-0 styled__InnerContainer-rsekm1-1 oznwo fuFres beans-button__inner-container"
                                    ><span
                                      class="base-components__BaseElement-sc-1mosoyj-0 styled__TextSpan-rsekm1-4 oznwo GDiMp beans-button__text"
                                      >Add</span
                                    ></span
                                  >
                                </button>
                              </div>
                            </div>
                          </div>
                        </div>
                      </div>
                      <input
                        name="_csrf"
                        type="hidden"
                        value="F4ilyTJl-LvtqLgFsBkctxWaUBk6u5LvYpFM"
                      />
                    </form>
                  </div>
                </div>
              </div>
            </div>
            <div class="hidden-medium product-info-section-small">
              <div class="product-info-message-list"></div>
            </div>
          </div>
          <div class="styles__StyledPromotionsMobile-dvv1wj-6 Bxaeb">
            <div>
              <div
                class="styles__StyledPromotionsWithClubcardPriceContainer-sc-1vdpoop-0 bsPFbn"
              >
                <div class="styles__StyledClubcardLogo-sc-1vdpoop-2 elOZEB">
                  <div
                    class="styles__Wrapper-sc-1d2phhy-0 hgBuQG undefined special-offer-sash"
                  >
                    <span class="styles__CircleWrapper-sc-1d2phhy-2 hCbzjm"
                      ><strong class="styles__TextWrapper-sc-1d2phhy-1 bLXNGg"
                        >Clubcard Price</strong
                      ></span
                    >
                  </div>
                </div>
                <a href="/groceries/en-GB/promotions/88512315"
                  ><div
                    class="styles__ProductPromotionStyling-sc-1vdpoop-3 oqgZF"
                  >
                    <div
                      class="styles__StyledPromotionsOfferContent-sc-1vdpoop-1 cPSekc"
                    >
                      <span class="offer-text"
                        >Any 6 for £3 Clubcard Price - Selected Organix Or
                        Kiddylicious Baby Food 6g - 20g</span
                      >
                    </div>
                    <span class="dates"
                      >Offer valid for delivery from 18/05/2022 until
                      28/06/2022</span
                    >
                  </div></a
                >
              </div>
            </div>
          </div>
        </div>
      </div>
    </div>
  </li>
  <li class="product-list--list-item">
    <div class="styles__StyledVerticalTileWrapper-dvv1wj-0 dtCNPH">
      <div
        data-auto="product-tile"
        data-auto-type="Quantity"
        data-auto-available="true"
        data-auto-is-restricted-disabled="false"
        data-auto-is-substitute="false"
        class="styles__StyledVerticalTile-dvv1wj-1 hJqNin"
      >
        <div class="styles__StyledTileContentWrapper-dvv1wj-2 bkNhNP beans">
          <div
            id="tile-301269141"
            data-auto-id="301269141"
            class="styles__StyledTiledContent-dvv1wj-3 bcglTg"
          >
            <a
              href="/groceries/en-GB/products/301269141"
              aria-hidden="true"
              class="product-image-wrapper"
              tabindex="1"
              ><div class="product-image__container">
                <picture
                  ><img
                    class="styled__Image-sjvkdn-0 bJErKA product-image beans-responsive-image__image"
                    src="https://digitalcontent.api.tesco.com/v2/media/ghs/fca0cb04-f3d8-48f8-8cd0-27738047f551/4ca71235-b89d-4d0d-a5ae-8061b7329a82_1312869153.jpeg?h=225&amp;w=225"
                    srcset="
                      https://digitalcontent.api.tesco.com/v2/media/ghs/fca0cb04-f3d8-48f8-8cd0-27738047f551/4ca71235-b89d-4d0d-a5ae-8061b7329a82_1312869153.jpeg?h=225&amp;w=225  768w,
                      https://digitalcontent.api.tesco.com/v2/media/ghs/fca0cb04-f3d8-48f8-8cd0-27738047f551/4ca71235-b89d-4d0d-a5ae-8061b7329a82_1312869153.jpeg?h=225&amp;w=225 4000w
                    "
                    alt="Tesco Pear &amp; Apple Pouch 70G"
                /></picture></div
            ></a>
            <div class="product-details--wrapper">
              <h3>
                <a
                  href="/groceries/en-GB/products/301269141"
                  class="styled__Anchor-sc-1xbujuz-0 bmBCJq beans-link__anchor"
                  data-auto="product-tile--title"
                  ><span
                    class="styled__Text-sc-1xbujuz-1 ldbwMG beans-link__text"
                    >Tesco Pear &amp; Apple Pouch 70G</span
                  ></a
                >
              </h3>
              <div
                class="styles__StyledPromotionsAboveMobile-dvv1wj-7 iPTMuo"
              ></div>
              <div class="styles__StyledProductDetailsContent-dvv1wj-5 ddRSrq">
                <a
                  href="/groceries/en-GB/reviews/submission/301269141?from=%2Fshop%2Fbaby%2Fall"
                  aria-label="Write a review for Tesco Pear &amp; Apple Pouch 70G"
                  class="styled__Anchor-sc-1xbujuz-0 cFilde beans-link__anchor"
                  data-auto="review-link"
                  ><span
                    class="styled__Text-sc-1xbujuz-1 fyDIEo beans-link__text"
                    >Write a review</span
                  ><span
                    class="styled__IconContainer-sc-1xbujuz-2 bSauSL beans-link__icon-container"
                    ><svg
                      aria-hidden="true"
                      class="styled__SVG-xxa4wh-1 hQMCqc beans-link__icon beans-icon__svg"
                      height="13.33"
                      preserveAspectRatio="xMinYMax meet"
                      viewBox="-1 0 12 20"
                      width="8"
                      xmlns="http://www.w3.org/2000/svg"
                      color="currentColor"
                    >
                      <path
                        d="M1.312 1.348L10.276 10l-8.964 8.644"
                        fill="none"
                        stroke="currentColor"
                      ></path></svg></span
                ></a>
                <div>
                  <a
                    href="/groceries/en-GB/shop/baby/baby-and-toddler-food/stage-1-(4-6+-months)/baby-and-toddler-pouch-meals-stage-1"
                    class="styled__Anchor-sc-1xbujuz-0 cFilde beans-link__anchor"
                    ><span
                      class="styled__Text-sc-1xbujuz-1 fyDIEo beans-link__text"
                      >Rest of
                      <span class="visually-hidden"
                        >Baby &amp; Toddler Pouch Meals, Stage 1</span
                      >
                      shelf</span
                    ><span
                      class="styled__IconContainer-sc-1xbujuz-2 bSauSL beans-link__icon-container"
                      ><svg
                        aria-hidden="true"
                        class="styled__SVG-xxa4wh-1 hQMCqc beans-link__icon beans-icon__svg"
                        height="13.33"
                        preserveAspectRatio="xMinYMax meet"
                        viewBox="-1 0 12 20"
                        width="8"
                        xmlns="http://www.w3.org/2000/svg"
                        color="currentColor"
                      >
                        <path
                          d="M1.312 1.348L10.276 10l-8.964 8.644"
                          fill="none"
                          stroke="currentColor"
                        ></path></svg></span
                  ></a>
                </div>
                <div class="product-info-message-section">
                  <div class="product-info-message-list"></div>
                </div>
              </div>
              <div class="styles__StyledBuyBoxWrapper-dvv1wj-4 dSvjUC">
                <div
                  class="styles__StyledBuyBoxContainer-sc-1wx0qp6-0 dAXuso"
                  data-auto="buybox-container"
                >
                  <form
                    action="/groceries/en-GB/trolley/items/301269141?_method=PUT"
                    method="POST"
                    quantitytype="simple-quantity"
                    class="styles__SafeFormWrapper-jtpu2t-0 lcrYKS"
                  >
                    <input type="submit" class="hidden" /><input
                      name="id"
                      type="hidden"
                      value="301269141"
                    /><input
                      name="identifier"
                      type="hidden"
                      value="Page"
                    /><input
                      name="anchorId"
                      type="hidden"
                      value="#tile-301269141"
                    /><input
                      name="returnUrl"
                      type="hidden"
                      value="/groceries/en-GB/shop/baby/all#tile-301269141"
                    /><input name="backToUrl" type="hidden" value="#" /><input
                      name="oldValue"
                      type="hidden"
                      value="0"
                    /><input
                      name="oldUnitChoice"
                      type="hidden"
                      value="pcs"
                    /><input name="newUnitChoice" type="hidden" value="pcs" />
                    <div
                      class="base-components__RootElement-sc-1mosoyj-1 styled__Container-sc-6nhkzi-0 jptQqM hSNpTb beans-buybox__container"
                    >
                      <div
                        class="base-components__BaseElement-sc-1mosoyj-0 styled__PriceAndActions-sc-6nhkzi-3 oznwo eEPLov beans-buybox__price-and-actions"
                      >
                        <div
                          class="base-components__RootElement-sc-1mosoyj-1 styled__Container-sc-8qlq5b-0 jptQqM bgZrjw styled__StyledPrice-sc-6nhkzi-5 iYHeik beans-buybox__price beans-price__container"
                        >
                          <p
                            class="styled__StyledHeading-sc-119w3hf-2 jWPEtj styled__Text-sc-8qlq5b-1 lnaeiZ beans-price__text"
                          >
                            £0.45
                          </p>
                          <p
                            class="styled__StyledFootnote-sc-119w3hf-7 icrlVF styled__Subtext-sc-8qlq5b-2 bNJmdc beans-price__subtext"
                          >
                            £0.64/100g
                          </p>
                        </div>
                        <div
                          class="base-components__RootElement-sc-1mosoyj-1 styled__Container-vtxwzb-0 jptQqM bDFhXJ beans-buybox__actions beans-quantity-controls__container"
                        >
                          <div
                            class="base-components__RootElement-sc-1mosoyj-1 styled__Container-sc-16t2b2a-0 jptQqM PUfgZ styled__StyledFormGroup-vtxwzb-1 kzKuAr beans-quantity-controls__form-group beans-form-group__container"
                          >
                            <label
                              class="styled__StyledLabel-sc-1ttuvhr-0 bwxooU beans-form-group__label beans-label"
                              for="quantity-controls-301269141"
                              >Quantity controls
                            </label>
                            <div
                              class="base-components__BaseElement-sc-1mosoyj-0 styled__Children-sc-16t2b2a-3 oznwo gdJvjO beans-form-group__children"
                            >
                              <div
                                class="styled__StyledQuantityControlWrapper-vtxwzb-6 LCxOg"
                              >
                                <label
                                  id="quantity-controls-301269141-label"
                                  class="styled__VisuallyHiddenLabel-vtxwzb-7 gXlLiM"
                                  >add Tesco Pear &amp; Apple Pouch 70G to
                                  basket</label
                                ><input
                                  class="base-components__RootElement-sc-1mosoyj-1 styled__StyledInput-sc-1jd5f57-0 jptQqM hupFMH styled__StyledInput-vtxwzb-3 lwMHo beans-quantity-controls__input beans-input"
                                  data-auto="beans-quantity-controls-input"
                                  autocomplete="off"
                                  id="quantity-controls-301269141"
                                  maxlength="2"
                                  name="newValue"
                                  type="number"
                                  aria-labelledby="quantity-controls-301269141-label"
                                  value="1"
                                />
                              </div>
                              <button
                                class="styled__BaseButton-rsekm1-0 styled__PrimaryButton-rsekm1-2 jChbeY geeWOF styled__StyledButton-vtxwzb-5 japAxb beans-quantity-controls__add-button beans-button__container"
                                type="submit"
                                data-auto="beans-quantity-controls-add-button"
                                aria-label="add Tesco Pear &amp; Apple Pouch 70G to basket"
                              >
                                <span
                                  class="base-components__BaseElement-sc-1mosoyj-0 styled__InnerContainer-rsekm1-1 oznwo fuFres beans-button__inner-container"
                                  ><span
                                    class="base-components__BaseElement-sc-1mosoyj-0 styled__TextSpan-rsekm1-4 oznwo GDiMp beans-button__text"
                                    >Add</span
                                  ></span
                                >
                              </button>
                            </div>
                          </div>
                        </div>
                      </div>
                    </div>
                    <input
                      name="_csrf"
                      type="hidden"
                      value="F4ilyTJl-LvtqLgFsBkctxWaUBk6u5LvYpFM"
                    />
                  </form>
                </div>
              </div>
            </div>
            <div class="hidden-medium product-info-section-small">
              <div class="product-info-message-list"></div>
            </div>
          </div>
        </div>
      </div>
    </div>
  </li>
  <li class="product-list--list-item">
    <div class="styles__StyledVerticalTileWrapper-dvv1wj-0 dtCNPH">
      <div
        data-auto="product-tile"
        data-auto-type="Quantity"
        data-auto-available="true"
        data-auto-is-restricted-disabled="false"
        data-auto-is-substitute="false"
        class="styles__StyledVerticalTile-dvv1wj-1 hJqNin"
      >
        <div class="styles__StyledTileContentWrapper-dvv1wj-2 bkNhNP beans">
          <div
            id="tile-304783621"
            data-auto-id="304783621"
            class="styles__StyledTiledContent-dvv1wj-3 bcglTg"
          >
            <a
              href="/groceries/en-GB/products/304783621"
              aria-hidden="true"
              class="product-image-wrapper"
              tabindex="1"
              ><div class="product-image__container">
                <picture
                  ><img
                    class="styled__Image-sjvkdn-0 bJErKA product-image beans-responsive-image__image"
                    src="https://digitalcontent.api.tesco.com/v2/media/ghs/ba99c724-c647-4f99-97d0-86c4de658666/450a2897-0d06-4310-b22f-d93afec54946_220502383.jpeg?h=225&amp;w=225"
                    srcset="
                      https://digitalcontent.api.tesco.com/v2/media/ghs/ba99c724-c647-4f99-97d0-86c4de658666/450a2897-0d06-4310-b22f-d93afec54946_220502383.jpeg?h=225&amp;w=225  768w,
                      https://digitalcontent.api.tesco.com/v2/media/ghs/ba99c724-c647-4f99-97d0-86c4de658666/450a2897-0d06-4310-b22f-d93afec54946_220502383.jpeg?h=225&amp;w=225 4000w
                    "
                    alt="Fred &amp; Flo 30 Ultra Dry Nappies Size 6"
                /></picture></div
            ></a>
            <div class="product-details--wrapper">
              <h3>
                <a
                  href="/groceries/en-GB/products/304783621"
                  class="styled__Anchor-sc-1xbujuz-0 bmBCJq beans-link__anchor"
                  data-auto="product-tile--title"
                  ><span
                    class="styled__Text-sc-1xbujuz-1 ldbwMG beans-link__text"
                    >Fred &amp; Flo 30 Ultra Dry Nappies Size 6</span
                  ></a
                >
              </h3>
              <div
                class="styles__StyledPromotionsAboveMobile-dvv1wj-7 iPTMuo"
              ></div>
              <div class="styles__StyledProductDetailsContent-dvv1wj-5 ddRSrq">
                <a
                  href="/groceries/en-GB/reviews/submission/304783621?from=%2Fshop%2Fbaby%2Fall"
                  aria-label="Write a review for Fred &amp; Flo 30 Ultra Dry Nappies Size 6"
                  class="styled__Anchor-sc-1xbujuz-0 cFilde beans-link__anchor"
                  data-auto="review-link"
                  ><span
                    class="styled__Text-sc-1xbujuz-1 fyDIEo beans-link__text"
                    >Write a review</span
                  ><span
                    class="styled__IconContainer-sc-1xbujuz-2 bSauSL beans-link__icon-container"
                    ><svg
                      aria-hidden="true"
                      class="styled__SVG-xxa4wh-1 hQMCqc beans-link__icon beans-icon__svg"
                      height="13.33"
                      preserveAspectRatio="xMinYMax meet"
                      viewBox="-1 0 12 20"
                      width="8"
                      xmlns="http://www.w3.org/2000/svg"
                      color="currentColor"
                    >
                      <path
                        d="M1.312 1.348L10.276 10l-8.964 8.644"
                        fill="none"
                        stroke="currentColor"
                      ></path></svg></span
                ></a>
                <div>
                  <a
                    href="/groceries/en-GB/shop/baby/nappies-and-pants/size-6-and-6+-nappies-and-pants/size-6-and-6+-nappies-and-pants"
                    class="styled__Anchor-sc-1xbujuz-0 cFilde beans-link__anchor"
                    ><span
                      class="styled__Text-sc-1xbujuz-1 fyDIEo beans-link__text"
                      >Rest of
                      <span class="visually-hidden"
                        >Size 6 &amp; 6+ Nappies &amp; Pants</span
                      >
                      shelf</span
                    ><span
                      class="styled__IconContainer-sc-1xbujuz-2 bSauSL beans-link__icon-container"
                      ><svg
                        aria-hidden="true"
                        class="styled__SVG-xxa4wh-1 hQMCqc beans-link__icon beans-icon__svg"
                        height="13.33"
                        preserveAspectRatio="xMinYMax meet"
                        viewBox="-1 0 12 20"
                        width="8"
                        xmlns="http://www.w3.org/2000/svg"
                        color="currentColor"
                      >
                        <path
                          d="M1.312 1.348L10.276 10l-8.964 8.644"
                          fill="none"
                          stroke="currentColor"
                        ></path></svg></span
                  ></a>
                </div>
                <div class="product-info-message-section">
                  <div class="product-info-message-list"></div>
                </div>
              </div>
              <div class="styles__StyledBuyBoxWrapper-dvv1wj-4 dSvjUC">
                <div
                  class="styles__StyledBuyBoxContainer-sc-1wx0qp6-0 dAXuso"
                  data-auto="buybox-container"
                >
                  <form
                    action="/groceries/en-GB/trolley/items/304783621?_method=PUT"
                    method="POST"
                    quantitytype="simple-quantity"
                    class="styles__SafeFormWrapper-jtpu2t-0 lcrYKS"
                  >
                    <input type="submit" class="hidden" /><input
                      name="id"
                      type="hidden"
                      value="304783621"
                    /><input
                      name="identifier"
                      type="hidden"
                      value="Page"
                    /><input
                      name="anchorId"
                      type="hidden"
                      value="#tile-304783621"
                    /><input
                      name="returnUrl"
                      type="hidden"
                      value="/groceries/en-GB/shop/baby/all#tile-304783621"
                    /><input name="backToUrl" type="hidden" value="#" /><input
                      name="oldValue"
                      type="hidden"
                      value="0"
                    /><input
                      name="oldUnitChoice"
                      type="hidden"
                      value="pcs"
                    /><input name="newUnitChoice" type="hidden" value="pcs" />
                    <div
                      class="base-components__RootElement-sc-1mosoyj-1 styled__Container-sc-6nhkzi-0 jptQqM hSNpTb beans-buybox__container"
                    >
                      <div
                        class="base-components__BaseElement-sc-1mosoyj-0 styled__PriceAndActions-sc-6nhkzi-3 oznwo eEPLov beans-buybox__price-and-actions"
                      >
                        <div
                          class="base-components__RootElement-sc-1mosoyj-1 styled__Container-sc-8qlq5b-0 jptQqM bgZrjw styled__StyledPrice-sc-6nhkzi-5 iYHeik beans-buybox__price beans-price__container"
                        >
                          <p
                            class="styled__StyledHeading-sc-119w3hf-2 jWPEtj styled__Text-sc-8qlq5b-1 lnaeiZ beans-price__text"
                          >
                            £2.99
                          </p>
                          <p
                            class="styled__StyledFootnote-sc-119w3hf-7 icrlVF styled__Subtext-sc-8qlq5b-2 bNJmdc beans-price__subtext"
                          >
                            £0.10/each
                          </p>
                        </div>
                        <div
                          class="base-components__RootElement-sc-1mosoyj-1 styled__Container-vtxwzb-0 jptQqM bDFhXJ beans-buybox__actions beans-quantity-controls__container"
                        >
                          <div
                            class="base-components__RootElement-sc-1mosoyj-1 styled__Container-sc-16t2b2a-0 jptQqM PUfgZ styled__StyledFormGroup-vtxwzb-1 kzKuAr beans-quantity-controls__form-group beans-form-group__container"
                          >
                            <label
                              class="styled__StyledLabel-sc-1ttuvhr-0 bwxooU beans-form-group__label beans-label"
                              for="quantity-controls-304783621"
                              >Quantity controls
                            </label>
                            <div
                              class="base-components__BaseElement-sc-1mosoyj-0 styled__Children-sc-16t2b2a-3 oznwo gdJvjO beans-form-group__children"
                            >
                              <div
                                class="styled__StyledQuantityControlWrapper-vtxwzb-6 LCxOg"
                              >
                                <label
                                  id="quantity-controls-304783621-label"
                                  class="styled__VisuallyHiddenLabel-vtxwzb-7 gXlLiM"
                                  >add Fred &amp; Flo 30 Ultra Dry Nappies Size
                                  6 to basket</label
                                ><input
                                  class="base-components__RootElement-sc-1mosoyj-1 styled__StyledInput-sc-1jd5f57-0 jptQqM hupFMH styled__StyledInput-vtxwzb-3 lwMHo beans-quantity-controls__input beans-input"
                                  data-auto="beans-quantity-controls-input"
                                  autocomplete="off"
                                  id="quantity-controls-304783621"
                                  maxlength="2"
                                  name="newValue"
                                  type="number"
                                  aria-labelledby="quantity-controls-304783621-label"
                                  value="1"
                                />
                              </div>
                              <button
                                class="styled__BaseButton-rsekm1-0 styled__PrimaryButton-rsekm1-2 jChbeY geeWOF styled__StyledButton-vtxwzb-5 japAxb beans-quantity-controls__add-button beans-button__container"
                                type="submit"
                                data-auto="beans-quantity-controls-add-button"
                                aria-label="add Fred &amp; Flo 30 Ultra Dry Nappies Size 6 to basket"
                              >
                                <span
                                  class="base-components__BaseElement-sc-1mosoyj-0 styled__InnerContainer-rsekm1-1 oznwo fuFres beans-button__inner-container"
                                  ><span
                                    class="base-components__BaseElement-sc-1mosoyj-0 styled__TextSpan-rsekm1-4 oznwo GDiMp beans-button__text"
                                    >Add</span
                                  ></span
                                >
                              </button>
                            </div>
                          </div>
                        </div>
                      </div>
                    </div>
                    <input
                      name="_csrf"
                      type="hidden"
                      value="F4ilyTJl-LvtqLgFsBkctxWaUBk6u5LvYpFM"
                    />
                  </form>
                </div>
              </div>
            </div>
            <div class="hidden-medium product-info-section-small">
              <div class="product-info-message-list"></div>
            </div>
          </div>
        </div>
      </div>
    </div>
  </li>
  <li class="product-list--list-item">
    <div class="styles__StyledVerticalTileWrapper-dvv1wj-0 dtCNPH">
      <div
        data-auto="product-tile"
        data-auto-type="Quantity"
        data-auto-available="true"
        data-auto-is-restricted-disabled="false"
        data-auto-is-substitute="false"
        class="styles__StyledVerticalTile-dvv1wj-1 hJqNin"
      >
        <div class="styles__StyledTileContentWrapper-dvv1wj-2 bkNhNP beans">
          <div
            id="tile-260274296"
            data-auto-id="260274296"
            class="styles__StyledTiledContent-dvv1wj-3 bcglTg"
          >
            <a
              href="/groceries/en-GB/products/260274296"
              aria-hidden="true"
              class="product-image-wrapper"
              tabindex="1"
              ><div class="product-image__container">
                <picture
                  ><img
                    class="styled__Image-sjvkdn-0 bJErKA product-image beans-responsive-image__image"
                    src="https://digitalcontent.api.tesco.com/v2/media/ghs/09dcfe55-0570-44e4-83b1-57a081da8ebc/b19340f1-0be2-40b6-b723-3f5741482dcd_2144168242.jpeg?h=225&amp;w=225"
                    srcset="
                      https://digitalcontent.api.tesco.com/v2/media/ghs/09dcfe55-0570-44e4-83b1-57a081da8ebc/b19340f1-0be2-40b6-b723-3f5741482dcd_2144168242.jpeg?h=225&amp;w=225  768w,
                      https://digitalcontent.api.tesco.com/v2/media/ghs/09dcfe55-0570-44e4-83b1-57a081da8ebc/b19340f1-0be2-40b6-b723-3f5741482dcd_2144168242.jpeg?h=225&amp;w=225 4000w
                    "
                    alt="Tesco Nappy Bags 300"
                /></picture></div
            ></a>
            <div class="product-details--wrapper">
              <h3>
                <a
                  href="/groceries/en-GB/products/260274296"
                  class="styled__Anchor-sc-1xbujuz-0 bmBCJq beans-link__anchor"
                  data-auto="product-tile--title"
                  ><span
                    class="styled__Text-sc-1xbujuz-1 ldbwMG beans-link__text"
                    >Tesco Nappy Bags 300</span
                  ></a
                >
              </h3>
              <div
                class="styles__StyledPromotionsAboveMobile-dvv1wj-7 iPTMuo"
              ></div>
              <div class="styles__StyledProductDetailsContent-dvv1wj-5 ddRSrq">
                <a
                  href="/groceries/en-GB/reviews/submission/260274296?from=%2Fshop%2Fbaby%2Fall"
                  aria-label="Write a review for Tesco Nappy Bags 300"
                  class="styled__Anchor-sc-1xbujuz-0 cFilde beans-link__anchor"
                  data-auto="review-link"
                  ><span
                    class="styled__Text-sc-1xbujuz-1 fyDIEo beans-link__text"
                    >Write a review</span
                  ><span
                    class="styled__IconContainer-sc-1xbujuz-2 bSauSL beans-link__icon-container"
                    ><svg
                      aria-hidden="true"
                      class="styled__SVG-xxa4wh-1 hQMCqc beans-link__icon beans-icon__svg"
                      height="13.33"
                      preserveAspectRatio="xMinYMax meet"
                      viewBox="-1 0 12 20"
                      width="8"
                      xmlns="http://www.w3.org/2000/svg"
                      color="currentColor"
                    >
                      <path
                        d="M1.312 1.348L10.276 10l-8.964 8.644"
                        fill="none"
                        stroke="currentColor"
                      ></path></svg></span
                ></a>
                <div>
                  <a
                    href="/groceries/en-GB/shop/baby/nappies-and-pants/nappy-sacks-and-nappy-bin/nappy-sacks"
                    class="styled__Anchor-sc-1xbujuz-0 cFilde beans-link__anchor"
                    ><span
                      class="styled__Text-sc-1xbujuz-1 fyDIEo beans-link__text"
                      >Rest of
                      <span class="visually-hidden">Nappy Sacks</span>
                      shelf</span
                    ><span
                      class="styled__IconContainer-sc-1xbujuz-2 bSauSL beans-link__icon-container"
                      ><svg
                        aria-hidden="true"
                        class="styled__SVG-xxa4wh-1 hQMCqc beans-link__icon beans-icon__svg"
                        height="13.33"
                        preserveAspectRatio="xMinYMax meet"
                        viewBox="-1 0 12 20"
                        width="8"
                        xmlns="http://www.w3.org/2000/svg"
                        color="currentColor"
                      >
                        <path
                          d="M1.312 1.348L10.276 10l-8.964 8.644"
                          fill="none"
                          stroke="currentColor"
                        ></path></svg></span
                  ></a>
                </div>
                <div class="product-info-message-section">
                  <div class="product-info-message-list"></div>
                </div>
              </div>
              <div class="styles__StyledBuyBoxWrapper-dvv1wj-4 dSvjUC">
                <div
                  class="styles__StyledBuyBoxContainer-sc-1wx0qp6-0 dAXuso"
                  data-auto="buybox-container"
                >
                  <form
                    action="/groceries/en-GB/trolley/items/260274296?_method=PUT"
                    method="POST"
                    quantitytype="simple-quantity"
                    class="styles__SafeFormWrapper-jtpu2t-0 lcrYKS"
                  >
                    <input type="submit" class="hidden" /><input
                      name="id"
                      type="hidden"
                      value="260274296"
                    /><input
                      name="identifier"
                      type="hidden"
                      value="Page"
                    /><input
                      name="anchorId"
                      type="hidden"
                      value="#tile-260274296"
                    /><input
                      name="returnUrl"
                      type="hidden"
                      value="/groceries/en-GB/shop/baby/all#tile-260274296"
                    /><input name="backToUrl" type="hidden" value="#" /><input
                      name="oldValue"
                      type="hidden"
                      value="0"
                    /><input
                      name="oldUnitChoice"
                      type="hidden"
                      value="pcs"
                    /><input name="newUnitChoice" type="hidden" value="pcs" />
                    <div
                      class="base-components__RootElement-sc-1mosoyj-1 styled__Container-sc-6nhkzi-0 jptQqM hSNpTb beans-buybox__container"
                    >
                      <div
                        class="base-components__BaseElement-sc-1mosoyj-0 styled__PriceAndActions-sc-6nhkzi-3 oznwo eEPLov beans-buybox__price-and-actions"
                      >
                        <div
                          class="base-components__RootElement-sc-1mosoyj-1 styled__Container-sc-8qlq5b-0 jptQqM bgZrjw styled__StyledPrice-sc-6nhkzi-5 iYHeik beans-buybox__price beans-price__container"
                        >
                          <p
                            class="styled__StyledHeading-sc-119w3hf-2 jWPEtj styled__Text-sc-8qlq5b-1 lnaeiZ beans-price__text"
                          >
                            £0.60
                          </p>
                          <p
                            class="styled__StyledFootnote-sc-119w3hf-7 icrlVF styled__Subtext-sc-8qlq5b-2 bNJmdc beans-price__subtext"
                          >
                            £0.00/each
                          </p>
                        </div>
                        <div
                          class="base-components__RootElement-sc-1mosoyj-1 styled__Container-vtxwzb-0 jptQqM bDFhXJ beans-buybox__actions beans-quantity-controls__container"
                        >
                          <div
                            class="base-components__RootElement-sc-1mosoyj-1 styled__Container-sc-16t2b2a-0 jptQqM PUfgZ styled__StyledFormGroup-vtxwzb-1 kzKuAr beans-quantity-controls__form-group beans-form-group__container"
                          >
                            <label
                              class="styled__StyledLabel-sc-1ttuvhr-0 bwxooU beans-form-group__label beans-label"
                              for="quantity-controls-260274296"
                              >Quantity controls
                            </label>
                            <div
                              class="base-components__BaseElement-sc-1mosoyj-0 styled__Children-sc-16t2b2a-3 oznwo gdJvjO beans-form-group__children"
                            >
                              <div
                                class="styled__StyledQuantityControlWrapper-vtxwzb-6 LCxOg"
                              >
                                <label
                                  id="quantity-controls-260274296-label"
                                  class="styled__VisuallyHiddenLabel-vtxwzb-7 gXlLiM"
                                  >add Tesco Nappy Bags 300 to basket</label
                                ><input
                                  class="base-components__RootElement-sc-1mosoyj-1 styled__StyledInput-sc-1jd5f57-0 jptQqM hupFMH styled__StyledInput-vtxwzb-3 lwMHo beans-quantity-controls__input beans-input"
                                  data-auto="beans-quantity-controls-input"
                                  autocomplete="off"
                                  id="quantity-controls-260274296"
                                  maxlength="2"
                                  name="newValue"
                                  type="number"
                                  aria-labelledby="quantity-controls-260274296-label"
                                  value="1"
                                />
                              </div>
                              <button
                                class="styled__BaseButton-rsekm1-0 styled__PrimaryButton-rsekm1-2 jChbeY geeWOF styled__StyledButton-vtxwzb-5 japAxb beans-quantity-controls__add-button beans-button__container"
                                type="submit"
                                data-auto="beans-quantity-controls-add-button"
                                aria-label="add Tesco Nappy Bags 300 to basket"
                              >
                                <span
                                  class="base-components__BaseElement-sc-1mosoyj-0 styled__InnerContainer-rsekm1-1 oznwo fuFres beans-button__inner-container"
                                  ><span
                                    class="base-components__BaseElement-sc-1mosoyj-0 styled__TextSpan-rsekm1-4 oznwo GDiMp beans-button__text"
                                    >Add</span
                                  ></span
                                >
                              </button>
                            </div>
                          </div>
                        </div>
                      </div>
                    </div>
                    <input
                      name="_csrf"
                      type="hidden"
                      value="F4ilyTJl-LvtqLgFsBkctxWaUBk6u5LvYpFM"
                    />
                  </form>
                </div>
              </div>
            </div>
            <div class="hidden-medium product-info-section-small">
              <div class="product-info-message-list"></div>
            </div>
          </div>
        </div>
      </div>
    </div>
  </li>
  <li class="product-list--list-item">
    <div class="styles__StyledVerticalTileWrapper-dvv1wj-0 dtCNPH">
      <div
        data-auto="product-tile"
        data-auto-type="Quantity"
        data-auto-available="true"
        data-auto-is-restricted-disabled="false"
        data-auto-is-substitute="false"
        class="styles__StyledVerticalTile-dvv1wj-1 hJqNin"
      >
        <div class="styles__StyledTileContentWrapper-dvv1wj-2 bkNhNP beans">
          <div
            id="tile-301269089"
            data-auto-id="301269089"
            class="styles__StyledTiledContent-dvv1wj-3 bcglTg"
          >
            <a
              href="/groceries/en-GB/products/301269089"
              aria-hidden="true"
              class="product-image-wrapper"
              tabindex="1"
              ><div class="product-image__container">
                <picture
                  ><img
                    class="styled__Image-sjvkdn-0 bJErKA product-image beans-responsive-image__image"
                    src="https://digitalcontent.api.tesco.com/v2/media/ghs/8b720cea-8d9a-4565-b545-f959b44f7fd3/c8e890b0-e595-4849-b738-2cc33eabdce7_1796408467.jpeg?h=225&amp;w=225"
                    srcset="
                      https://digitalcontent.api.tesco.com/v2/media/ghs/8b720cea-8d9a-4565-b545-f959b44f7fd3/c8e890b0-e595-4849-b738-2cc33eabdce7_1796408467.jpeg?h=225&amp;w=225  768w,
                      https://digitalcontent.api.tesco.com/v2/media/ghs/8b720cea-8d9a-4565-b545-f959b44f7fd3/c8e890b0-e595-4849-b738-2cc33eabdce7_1796408467.jpeg?h=225&amp;w=225 4000w
                    "
                    alt="Tesco Prune Babyfood Pouch 70G"
                /></picture></div
            ></a>
            <div class="product-details--wrapper">
              <h3>
                <a
                  href="/groceries/en-GB/products/301269089"
                  class="styled__Anchor-sc-1xbujuz-0 bmBCJq beans-link__anchor"
                  data-auto="product-tile--title"
                  ><span
                    class="styled__Text-sc-1xbujuz-1 ldbwMG beans-link__text"
                    >Tesco Prune Babyfood Pouch 70G</span
                  ></a
                >
              </h3>
              <div
                class="styles__StyledPromotionsAboveMobile-dvv1wj-7 iPTMuo"
              ></div>
              <div class="styles__StyledProductDetailsContent-dvv1wj-5 ddRSrq">
                <a
                  href="/groceries/en-GB/reviews/submission/301269089?from=%2Fshop%2Fbaby%2Fall"
                  aria-label="Write a review for Tesco Prune Babyfood Pouch 70G"
                  class="styled__Anchor-sc-1xbujuz-0 cFilde beans-link__anchor"
                  data-auto="review-link"
                  ><span
                    class="styled__Text-sc-1xbujuz-1 fyDIEo beans-link__text"
                    >Write a review</span
                  ><span
                    class="styled__IconContainer-sc-1xbujuz-2 bSauSL beans-link__icon-container"
                    ><svg
                      aria-hidden="true"
                      class="styled__SVG-xxa4wh-1 hQMCqc beans-link__icon beans-icon__svg"
                      height="13.33"
                      preserveAspectRatio="xMinYMax meet"
                      viewBox="-1 0 12 20"
                      width="8"
                      xmlns="http://www.w3.org/2000/svg"
                      color="currentColor"
                    >
                      <path
                        d="M1.312 1.348L10.276 10l-8.964 8.644"
                        fill="none"
                        stroke="currentColor"
                      ></path></svg></span
                ></a>
                <div>
                  <a
                    href="/groceries/en-GB/shop/baby/baby-and-toddler-food/stage-1-(4-6+-months)/baby-and-toddler-pouch-meals-stage-1"
                    class="styled__Anchor-sc-1xbujuz-0 cFilde beans-link__anchor"
                    ><span
                      class="styled__Text-sc-1xbujuz-1 fyDIEo beans-link__text"
                      >Rest of
                      <span class="visually-hidden"
                        >Baby &amp; Toddler Pouch Meals, Stage 1</span
                      >
                      shelf</span
                    ><span
                      class="styled__IconContainer-sc-1xbujuz-2 bSauSL beans-link__icon-container"
                      ><svg
                        aria-hidden="true"
                        class="styled__SVG-xxa4wh-1 hQMCqc beans-link__icon beans-icon__svg"
                        height="13.33"
                        preserveAspectRatio="xMinYMax meet"
                        viewBox="-1 0 12 20"
                        width="8"
                        xmlns="http://www.w3.org/2000/svg"
                        color="currentColor"
                      >
                        <path
                          d="M1.312 1.348L10.276 10l-8.964 8.644"
                          fill="none"
                          stroke="currentColor"
                        ></path></svg></span
                  ></a>
                </div>
                <div class="product-info-message-section">
                  <div class="product-info-message-list"></div>
                </div>
              </div>
              <div class="styles__StyledBuyBoxWrapper-dvv1wj-4 dSvjUC">
                <div
                  class="styles__StyledBuyBoxContainer-sc-1wx0qp6-0 dAXuso"
                  data-auto="buybox-container"
                >
                  <form
                    action="/groceries/en-GB/trolley/items/301269089?_method=PUT"
                    method="POST"
                    quantitytype="simple-quantity"
                    class="styles__SafeFormWrapper-jtpu2t-0 lcrYKS"
                  >
                    <input type="submit" class="hidden" /><input
                      name="id"
                      type="hidden"
                      value="301269089"
                    /><input
                      name="identifier"
                      type="hidden"
                      value="Page"
                    /><input
                      name="anchorId"
                      type="hidden"
                      value="#tile-301269089"
                    /><input
                      name="returnUrl"
                      type="hidden"
                      value="/groceries/en-GB/shop/baby/all#tile-301269089"
                    /><input name="backToUrl" type="hidden" value="#" /><input
                      name="oldValue"
                      type="hidden"
                      value="0"
                    /><input
                      name="oldUnitChoice"
                      type="hidden"
                      value="pcs"
                    /><input name="newUnitChoice" type="hidden" value="pcs" />
                    <div
                      class="base-components__RootElement-sc-1mosoyj-1 styled__Container-sc-6nhkzi-0 jptQqM hSNpTb beans-buybox__container"
                    >
                      <div
                        class="base-components__BaseElement-sc-1mosoyj-0 styled__PriceAndActions-sc-6nhkzi-3 oznwo eEPLov beans-buybox__price-and-actions"
                      >
                        <div
                          class="base-components__RootElement-sc-1mosoyj-1 styled__Container-sc-8qlq5b-0 jptQqM bgZrjw styled__StyledPrice-sc-6nhkzi-5 iYHeik beans-buybox__price beans-price__container"
                        >
                          <p
                            class="styled__StyledHeading-sc-119w3hf-2 jWPEtj styled__Text-sc-8qlq5b-1 lnaeiZ beans-price__text"
                          >
                            £0.45
                          </p>
                          <p
                            class="styled__StyledFootnote-sc-119w3hf-7 icrlVF styled__Subtext-sc-8qlq5b-2 bNJmdc beans-price__subtext"
                          >
                            £0.64/100g
                          </p>
                        </div>
                        <div
                          class="base-components__RootElement-sc-1mosoyj-1 styled__Container-vtxwzb-0 jptQqM bDFhXJ beans-buybox__actions beans-quantity-controls__container"
                        >
                          <div
                            class="base-components__RootElement-sc-1mosoyj-1 styled__Container-sc-16t2b2a-0 jptQqM PUfgZ styled__StyledFormGroup-vtxwzb-1 kzKuAr beans-quantity-controls__form-group beans-form-group__container"
                          >
                            <label
                              class="styled__StyledLabel-sc-1ttuvhr-0 bwxooU beans-form-group__label beans-label"
                              for="quantity-controls-301269089"
                              >Quantity controls
                            </label>
                            <div
                              class="base-components__BaseElement-sc-1mosoyj-0 styled__Children-sc-16t2b2a-3 oznwo gdJvjO beans-form-group__children"
                            >
                              <div
                                class="styled__StyledQuantityControlWrapper-vtxwzb-6 LCxOg"
                              >
                                <label
                                  id="quantity-controls-301269089-label"
                                  class="styled__VisuallyHiddenLabel-vtxwzb-7 gXlLiM"
                                  >add Tesco Prune Babyfood Pouch 70G to
                                  basket</label
                                ><input
                                  class="base-components__RootElement-sc-1mosoyj-1 styled__StyledInput-sc-1jd5f57-0 jptQqM hupFMH styled__StyledInput-vtxwzb-3 lwMHo beans-quantity-controls__input beans-input"
                                  data-auto="beans-quantity-controls-input"
                                  autocomplete="off"
                                  id="quantity-controls-301269089"
                                  maxlength="2"
                                  name="newValue"
                                  type="number"
                                  aria-labelledby="quantity-controls-301269089-label"
                                  value="1"
                                />
                              </div>
                              <button
                                class="styled__BaseButton-rsekm1-0 styled__PrimaryButton-rsekm1-2 jChbeY geeWOF styled__StyledButton-vtxwzb-5 japAxb beans-quantity-controls__add-button beans-button__container"
                                type="submit"
                                data-auto="beans-quantity-controls-add-button"
                                aria-label="add Tesco Prune Babyfood Pouch 70G to basket"
                              >
                                <span
                                  class="base-components__BaseElement-sc-1mosoyj-0 styled__InnerContainer-rsekm1-1 oznwo fuFres beans-button__inner-container"
                                  ><span
                                    class="base-components__BaseElement-sc-1mosoyj-0 styled__TextSpan-rsekm1-4 oznwo GDiMp beans-button__text"
                                    >Add</span
                                  ></span
                                >
                              </button>
                            </div>
                          </div>
                        </div>
                      </div>
                    </div>
                    <input
                      name="_csrf"
                      type="hidden"
                      value="F4ilyTJl-LvtqLgFsBkctxWaUBk6u5LvYpFM"
                    />
                  </form>
                </div>
              </div>
            </div>
            <div class="hidden-medium product-info-section-small">
              <div class="product-info-message-list"></div>
            </div>
          </div>
        </div>
      </div>
    </div>
  </li>
  <li class="product-list--list-item">
    <div class="styles__StyledVerticalTileWrapper-dvv1wj-0 dtCNPH">
      <div
        data-auto="product-tile"
        data-auto-type="Quantity"
        data-auto-available="true"
        data-auto-is-restricted-disabled="false"
        data-auto-is-substitute="false"
        class="styles__StyledVerticalTile-dvv1wj-1 hJqNin"
      >
        <div class="styles__StyledTileContentWrapper-dvv1wj-2 bkNhNP beans">
          <div
            id="tile-301393632"
            data-auto-id="301393632"
            class="styles__StyledTiledContent-dvv1wj-3 bcglTg"
          >
            <a
              href="/groceries/en-GB/products/301393632"
              aria-hidden="true"
              class="product-image-wrapper"
              tabindex="1"
              ><div class="product-image__container">
                <picture
                  ><img
                    class="styled__Image-sjvkdn-0 bJErKA product-image beans-responsive-image__image"
                    src="https://digitalcontent.api.tesco.com/v2/media/ghs/330fe15d-8fc4-4553-b4c6-78043715a2f7/2333ad98-ef0a-412d-acfd-f0c8071cb8ab_1159587784.jpeg?h=225&amp;w=225"
                    srcset="
                      https://digitalcontent.api.tesco.com/v2/media/ghs/330fe15d-8fc4-4553-b4c6-78043715a2f7/2333ad98-ef0a-412d-acfd-f0c8071cb8ab_1159587784.jpeg?h=225&amp;w=225  768w,
                      https://digitalcontent.api.tesco.com/v2/media/ghs/330fe15d-8fc4-4553-b4c6-78043715a2f7/2333ad98-ef0a-412d-acfd-f0c8071cb8ab_1159587784.jpeg?h=225&amp;w=225 4000w
                    "
                    alt="Fred &amp; Flo Easy Fit Size 6 Nappy Pant 34 Pack"
                /></picture></div
            ></a>
            <div class="product-details--wrapper">
              <h3>
                <a
                  href="/groceries/en-GB/products/301393632"
                  class="styled__Anchor-sc-1xbujuz-0 bmBCJq beans-link__anchor"
                  data-auto="product-tile--title"
                  ><span
                    class="styled__Text-sc-1xbujuz-1 ldbwMG beans-link__text"
                    >Fred &amp; Flo Easy Fit Size 6 Nappy Pant 34 Pack</span
                  ></a
                >
              </h3>
              <div
                class="styles__StyledPromotionsAboveMobile-dvv1wj-7 iPTMuo"
              ></div>
              <div class="styles__StyledProductDetailsContent-dvv1wj-5 ddRSrq">
                <a
                  href="/groceries/en-GB/reviews/submission/301393632?from=%2Fshop%2Fbaby%2Fall"
                  aria-label="Write a review for Fred &amp; Flo Easy Fit Size 6 Nappy Pant 34 Pack"
                  class="styled__Anchor-sc-1xbujuz-0 cFilde beans-link__anchor"
                  data-auto="review-link"
                  ><span
                    class="styled__Text-sc-1xbujuz-1 fyDIEo beans-link__text"
                    >Write a review</span
                  ><span
                    class="styled__IconContainer-sc-1xbujuz-2 bSauSL beans-link__icon-container"
                    ><svg
                      aria-hidden="true"
                      class="styled__SVG-xxa4wh-1 hQMCqc beans-link__icon beans-icon__svg"
                      height="13.33"
                      preserveAspectRatio="xMinYMax meet"
                      viewBox="-1 0 12 20"
                      width="8"
                      xmlns="http://www.w3.org/2000/svg"
                      color="currentColor"
                    >
                      <path
                        d="M1.312 1.348L10.276 10l-8.964 8.644"
                        fill="none"
                        stroke="currentColor"
                      ></path></svg></span
                ></a>
                <div>
                  <a
                    href="/groceries/en-GB/shop/baby/nappies-and-pants/size-6-and-6+-nappies-and-pants/size-6-and-6+-nappies-and-pants"
                    class="styled__Anchor-sc-1xbujuz-0 cFilde beans-link__anchor"
                    ><span
                      class="styled__Text-sc-1xbujuz-1 fyDIEo beans-link__text"
                      >Rest of
                      <span class="visually-hidden"
                        >Size 6 &amp; 6+ Nappies &amp; Pants</span
                      >
                      shelf</span
                    ><span
                      class="styled__IconContainer-sc-1xbujuz-2 bSauSL beans-link__icon-container"
                      ><svg
                        aria-hidden="true"
                        class="styled__SVG-xxa4wh-1 hQMCqc beans-link__icon beans-icon__svg"
                        height="13.33"
                        preserveAspectRatio="xMinYMax meet"
                        viewBox="-1 0 12 20"
                        width="8"
                        xmlns="http://www.w3.org/2000/svg"
                        color="currentColor"
                      >
                        <path
                          d="M1.312 1.348L10.276 10l-8.964 8.644"
                          fill="none"
                          stroke="currentColor"
                        ></path></svg></span
                  ></a>
                </div>
                <div class="product-info-message-section">
                  <div class="product-info-message-list"></div>
                </div>
              </div>
              <div class="styles__StyledBuyBoxWrapper-dvv1wj-4 dSvjUC">
                <div
                  class="styles__StyledBuyBoxContainer-sc-1wx0qp6-0 dAXuso"
                  data-auto="buybox-container"
                >
                  <form
                    action="/groceries/en-GB/trolley/items/301393632?_method=PUT"
                    method="POST"
                    quantitytype="simple-quantity"
                    class="styles__SafeFormWrapper-jtpu2t-0 lcrYKS"
                  >
                    <input type="submit" class="hidden" /><input
                      name="id"
                      type="hidden"
                      value="301393632"
                    /><input
                      name="identifier"
                      type="hidden"
                      value="Page"
                    /><input
                      name="anchorId"
                      type="hidden"
                      value="#tile-301393632"
                    /><input
                      name="returnUrl"
                      type="hidden"
                      value="/groceries/en-GB/shop/baby/all#tile-301393632"
                    /><input name="backToUrl" type="hidden" value="#" /><input
                      name="oldValue"
                      type="hidden"
                      value="0"
                    /><input
                      name="oldUnitChoice"
                      type="hidden"
                      value="pcs"
                    /><input name="newUnitChoice" type="hidden" value="pcs" />
                    <div
                      class="base-components__RootElement-sc-1mosoyj-1 styled__Container-sc-6nhkzi-0 jptQqM hSNpTb beans-buybox__container"
                    >
                      <div
                        class="base-components__BaseElement-sc-1mosoyj-0 styled__PriceAndActions-sc-6nhkzi-3 oznwo eEPLov beans-buybox__price-and-actions"
                      >
                        <div
                          class="base-components__RootElement-sc-1mosoyj-1 styled__Container-sc-8qlq5b-0 jptQqM bgZrjw styled__StyledPrice-sc-6nhkzi-5 iYHeik beans-buybox__price beans-price__container"
                        >
                          <p
                            class="styled__StyledHeading-sc-119w3hf-2 jWPEtj styled__Text-sc-8qlq5b-1 lnaeiZ beans-price__text"
                          >
                            £4.00
                          </p>
                          <p
                            class="styled__StyledFootnote-sc-119w3hf-7 icrlVF styled__Subtext-sc-8qlq5b-2 bNJmdc beans-price__subtext"
                          >
                            £0.12/each
                          </p>
                        </div>
                        <div
                          class="base-components__RootElement-sc-1mosoyj-1 styled__Container-vtxwzb-0 jptQqM bDFhXJ beans-buybox__actions beans-quantity-controls__container"
                        >
                          <div
                            class="base-components__RootElement-sc-1mosoyj-1 styled__Container-sc-16t2b2a-0 jptQqM PUfgZ styled__StyledFormGroup-vtxwzb-1 kzKuAr beans-quantity-controls__form-group beans-form-group__container"
                          >
                            <label
                              class="styled__StyledLabel-sc-1ttuvhr-0 bwxooU beans-form-group__label beans-label"
                              for="quantity-controls-301393632"
                              >Quantity controls
                            </label>
                            <div
                              class="base-components__BaseElement-sc-1mosoyj-0 styled__Children-sc-16t2b2a-3 oznwo gdJvjO beans-form-group__children"
                            >
                              <div
                                class="styled__StyledQuantityControlWrapper-vtxwzb-6 LCxOg"
                              >
                                <label
                                  id="quantity-controls-301393632-label"
                                  class="styled__VisuallyHiddenLabel-vtxwzb-7 gXlLiM"
                                  >add Fred &amp; Flo Easy Fit Size 6 Nappy Pant
                                  34 Pack to basket</label
                                ><input
                                  class="base-components__RootElement-sc-1mosoyj-1 styled__StyledInput-sc-1jd5f57-0 jptQqM hupFMH styled__StyledInput-vtxwzb-3 lwMHo beans-quantity-controls__input beans-input"
                                  data-auto="beans-quantity-controls-input"
                                  autocomplete="off"
                                  id="quantity-controls-301393632"
                                  maxlength="2"
                                  name="newValue"
                                  type="number"
                                  aria-labelledby="quantity-controls-301393632-label"
                                  value="1"
                                />
                              </div>
                              <button
                                class="styled__BaseButton-rsekm1-0 styled__PrimaryButton-rsekm1-2 jChbeY geeWOF styled__StyledButton-vtxwzb-5 japAxb beans-quantity-controls__add-button beans-button__container"
                                type="submit"
                                data-auto="beans-quantity-controls-add-button"
                                aria-label="add Fred &amp; Flo Easy Fit Size 6 Nappy Pant 34 Pack to basket"
                              >
                                <span
                                  class="base-components__BaseElement-sc-1mosoyj-0 styled__InnerContainer-rsekm1-1 oznwo fuFres beans-button__inner-container"
                                  ><span
                                    class="base-components__BaseElement-sc-1mosoyj-0 styled__TextSpan-rsekm1-4 oznwo GDiMp beans-button__text"
                                    >Add</span
                                  ></span
                                >
                              </button>
                            </div>
                          </div>
                        </div>
                      </div>
                    </div>
                    <input
                      name="_csrf"
                      type="hidden"
                      value="F4ilyTJl-LvtqLgFsBkctxWaUBk6u5LvYpFM"
                    />
                  </form>
                </div>
              </div>
            </div>
            <div class="hidden-medium product-info-section-small">
              <div class="product-info-message-list"></div>
            </div>
          </div>
        </div>
      </div>
    </div>
  </li>
  <li class="product-list--list-item">
    <div class="styles__StyledVerticalTileWrapper-dvv1wj-0 dtCNPH">
      <div
        data-auto="product-tile"
        data-auto-type="Quantity"
        data-auto-available="true"
        data-auto-is-restricted-disabled="false"
        data-auto-is-substitute="false"
        class="styles__StyledVerticalTile-dvv1wj-1 hJqNin"
      >
        <div class="styles__StyledTileContentWrapper-dvv1wj-2 bkNhNP beans">
          <div
            id="tile-308087362"
            data-auto-id="308087362"
            class="styles__StyledTiledContent-dvv1wj-3 bcglTg"
          >
            <a
              href="/groceries/en-GB/products/308087362"
              aria-hidden="true"
              class="product-image-wrapper"
              tabindex="1"
              ><div class="product-image__container">
                <picture
                  ><img
                    class="styled__Image-sjvkdn-0 bJErKA product-image beans-responsive-image__image"
                    src="https://digitalcontent.api.tesco.com/v2/media/ghs/5dc2e432-1acc-40f3-bdc7-c167329aab87/bef940d5-64c8-4374-ab70-1488d0f1dbdf_1109265324.jpeg?h=225&amp;w=225"
                    srcset="
                      https://digitalcontent.api.tesco.com/v2/media/ghs/5dc2e432-1acc-40f3-bdc7-c167329aab87/bef940d5-64c8-4374-ab70-1488d0f1dbdf_1109265324.jpeg?h=225&amp;w=225  768w,
                      https://digitalcontent.api.tesco.com/v2/media/ghs/5dc2e432-1acc-40f3-bdc7-c167329aab87/bef940d5-64c8-4374-ab70-1488d0f1dbdf_1109265324.jpeg?h=225&amp;w=225 4000w
                    "
                    alt="Fred &amp; Flo Easy Fit Pants Size 7 30 Pack"
                /></picture></div
            ></a>
            <div class="product-details--wrapper">
              <h3>
                <a
                  href="/groceries/en-GB/products/308087362"
                  class="styled__Anchor-sc-1xbujuz-0 bmBCJq beans-link__anchor"
                  data-auto="product-tile--title"
                  ><span
                    class="styled__Text-sc-1xbujuz-1 ldbwMG beans-link__text"
                    >Fred &amp; Flo Easy Fit Pants Size 7 30 Pack</span
                  ></a
                >
              </h3>
              <div
                class="styles__StyledPromotionsAboveMobile-dvv1wj-7 iPTMuo"
              ></div>
              <div class="styles__StyledProductDetailsContent-dvv1wj-5 ddRSrq">
                <a
                  href="/groceries/en-GB/reviews/submission/308087362?from=%2Fshop%2Fbaby%2Fall"
                  aria-label="Write a review for Fred &amp; Flo Easy Fit Pants Size 7 30 Pack"
                  class="styled__Anchor-sc-1xbujuz-0 cFilde beans-link__anchor"
                  data-auto="review-link"
                  ><span
                    class="styled__Text-sc-1xbujuz-1 fyDIEo beans-link__text"
                    >Write a review</span
                  ><span
                    class="styled__IconContainer-sc-1xbujuz-2 bSauSL beans-link__icon-container"
                    ><svg
                      aria-hidden="true"
                      class="styled__SVG-xxa4wh-1 hQMCqc beans-link__icon beans-icon__svg"
                      height="13.33"
                      preserveAspectRatio="xMinYMax meet"
                      viewBox="-1 0 12 20"
                      width="8"
                      xmlns="http://www.w3.org/2000/svg"
                      color="currentColor"
                    >
                      <path
                        d="M1.312 1.348L10.276 10l-8.964 8.644"
                        fill="none"
                        stroke="currentColor"
                      ></path></svg></span
                ></a>
                <div>
                  <a
                    href="/groceries/en-GB/shop/baby/nappies-and-pants/size-7-and-8-nappies-and-pants/size-7-nappies-and-pants"
                    class="styled__Anchor-sc-1xbujuz-0 cFilde beans-link__anchor"
                    ><span
                      class="styled__Text-sc-1xbujuz-1 fyDIEo beans-link__text"
                      >Rest of
                      <span class="visually-hidden"
                        >Size 7 Nappies &amp; Pants</span
                      >
                      shelf</span
                    ><span
                      class="styled__IconContainer-sc-1xbujuz-2 bSauSL beans-link__icon-container"
                      ><svg
                        aria-hidden="true"
                        class="styled__SVG-xxa4wh-1 hQMCqc beans-link__icon beans-icon__svg"
                        height="13.33"
                        preserveAspectRatio="xMinYMax meet"
                        viewBox="-1 0 12 20"
                        width="8"
                        xmlns="http://www.w3.org/2000/svg"
                        color="currentColor"
                      >
                        <path
                          d="M1.312 1.348L10.276 10l-8.964 8.644"
                          fill="none"
                          stroke="currentColor"
                        ></path></svg></span
                  ></a>
                </div>
                <div class="product-info-message-section">
                  <div class="product-info-message-list"></div>
                </div>
              </div>
              <div class="styles__StyledBuyBoxWrapper-dvv1wj-4 dSvjUC">
                <div
                  class="styles__StyledBuyBoxContainer-sc-1wx0qp6-0 dAXuso"
                  data-auto="buybox-container"
                >
                  <form
                    action="/groceries/en-GB/trolley/items/308087362?_method=PUT"
                    method="POST"
                    quantitytype="simple-quantity"
                    class="styles__SafeFormWrapper-jtpu2t-0 lcrYKS"
                  >
                    <input type="submit" class="hidden" /><input
                      name="id"
                      type="hidden"
                      value="308087362"
                    /><input
                      name="identifier"
                      type="hidden"
                      value="Page"
                    /><input
                      name="anchorId"
                      type="hidden"
                      value="#tile-308087362"
                    /><input
                      name="returnUrl"
                      type="hidden"
                      value="/groceries/en-GB/shop/baby/all#tile-308087362"
                    /><input name="backToUrl" type="hidden" value="#" /><input
                      name="oldValue"
                      type="hidden"
                      value="0"
                    /><input
                      name="oldUnitChoice"
                      type="hidden"
                      value="pcs"
                    /><input name="newUnitChoice" type="hidden" value="pcs" />
                    <div
                      class="base-components__RootElement-sc-1mosoyj-1 styled__Container-sc-6nhkzi-0 jptQqM hSNpTb beans-buybox__container"
                    >
                      <div
                        class="base-components__BaseElement-sc-1mosoyj-0 styled__PriceAndActions-sc-6nhkzi-3 oznwo eEPLov beans-buybox__price-and-actions"
                      >
                        <div
                          class="base-components__RootElement-sc-1mosoyj-1 styled__Container-sc-8qlq5b-0 jptQqM bgZrjw styled__StyledPrice-sc-6nhkzi-5 iYHeik beans-buybox__price beans-price__container"
                        >
                          <p
                            class="styled__StyledHeading-sc-119w3hf-2 jWPEtj styled__Text-sc-8qlq5b-1 lnaeiZ beans-price__text"
                          >
                            £4.00
                          </p>
                          <p
                            class="styled__StyledFootnote-sc-119w3hf-7 icrlVF styled__Subtext-sc-8qlq5b-2 bNJmdc beans-price__subtext"
                          >
                            £0.13/each
                          </p>
                        </div>
                        <div
                          class="base-components__RootElement-sc-1mosoyj-1 styled__Container-vtxwzb-0 jptQqM bDFhXJ beans-buybox__actions beans-quantity-controls__container"
                        >
                          <div
                            class="base-components__RootElement-sc-1mosoyj-1 styled__Container-sc-16t2b2a-0 jptQqM PUfgZ styled__StyledFormGroup-vtxwzb-1 kzKuAr beans-quantity-controls__form-group beans-form-group__container"
                          >
                            <label
                              class="styled__StyledLabel-sc-1ttuvhr-0 bwxooU beans-form-group__label beans-label"
                              for="quantity-controls-308087362"
                              >Quantity controls
                            </label>
                            <div
                              class="base-components__BaseElement-sc-1mosoyj-0 styled__Children-sc-16t2b2a-3 oznwo gdJvjO beans-form-group__children"
                            >
                              <div
                                class="styled__StyledQuantityControlWrapper-vtxwzb-6 LCxOg"
                              >
                                <label
                                  id="quantity-controls-308087362-label"
                                  class="styled__VisuallyHiddenLabel-vtxwzb-7 gXlLiM"
                                  >add Fred &amp; Flo Easy Fit Pants Size 7 30
                                  Pack to basket</label
                                ><input
                                  class="base-components__RootElement-sc-1mosoyj-1 styled__StyledInput-sc-1jd5f57-0 jptQqM hupFMH styled__StyledInput-vtxwzb-3 lwMHo beans-quantity-controls__input beans-input"
                                  data-auto="beans-quantity-controls-input"
                                  autocomplete="off"
                                  id="quantity-controls-308087362"
                                  maxlength="2"
                                  name="newValue"
                                  type="number"
                                  aria-labelledby="quantity-controls-308087362-label"
                                  value="1"
                                />
                              </div>
                              <button
                                class="styled__BaseButton-rsekm1-0 styled__PrimaryButton-rsekm1-2 jChbeY geeWOF styled__StyledButton-vtxwzb-5 japAxb beans-quantity-controls__add-button beans-button__container"
                                type="submit"
                                data-auto="beans-quantity-controls-add-button"
                                aria-label="add Fred &amp; Flo Easy Fit Pants Size 7 30 Pack to basket"
                              >
                                <span
                                  class="base-components__BaseElement-sc-1mosoyj-0 styled__InnerContainer-rsekm1-1 oznwo fuFres beans-button__inner-container"
                                  ><span
                                    class="base-components__BaseElement-sc-1mosoyj-0 styled__TextSpan-rsekm1-4 oznwo GDiMp beans-button__text"
                                    >Add</span
                                  ></span
                                >
                              </button>
                            </div>
                          </div>
                        </div>
                      </div>
                    </div>
                    <input
                      name="_csrf"
                      type="hidden"
                      value="F4ilyTJl-LvtqLgFsBkctxWaUBk6u5LvYpFM"
                    />
                  </form>
                </div>
              </div>
            </div>
            <div class="hidden-medium product-info-section-small">
              <div class="product-info-message-list"></div>
            </div>
          </div>
        </div>
      </div>
    </div>
  </li>
  <li class="product-list--list-item">
    <div class="styles__StyledVerticalTileWrapper-dvv1wj-0 dtCNPH">
      <div
        data-auto="product-tile"
        data-auto-type="Quantity"
        data-auto-available="true"
        data-auto-is-restricted-disabled="false"
        data-auto-is-substitute="false"
        class="styles__StyledVerticalTile-dvv1wj-1 hJqNin"
      >
        <div class="styles__StyledTileContentWrapper-dvv1wj-2 bkNhNP beans">
          <div
            id="tile-304391612"
            data-auto-id="304391612"
            class="styles__StyledTiledContent-dvv1wj-3 bcglTg"
          >
            <a
              href="/groceries/en-GB/products/304391612"
              aria-hidden="true"
              class="product-image-wrapper"
              tabindex="1"
              ><div class="product-image__container">
                <picture
                  ><img
                    class="styled__Image-sjvkdn-0 bJErKA product-image beans-responsive-image__image"
                    src="https://digitalcontent.api.tesco.com/v2/media/ghs/2e33948e-d0f8-4a06-8cc8-17c71928a2bc/9d293e27-e300-4c69-abdc-76149b71c2b0_704866715.jpeg?h=225&amp;w=225"
                    srcset="
                      https://digitalcontent.api.tesco.com/v2/media/ghs/2e33948e-d0f8-4a06-8cc8-17c71928a2bc/9d293e27-e300-4c69-abdc-76149b71c2b0_704866715.jpeg?h=225&amp;w=225  768w,
                      https://digitalcontent.api.tesco.com/v2/media/ghs/2e33948e-d0f8-4a06-8cc8-17c71928a2bc/9d293e27-e300-4c69-abdc-76149b71c2b0_704866715.jpeg?h=225&amp;w=225 4000w
                    "
                    alt="Fred &amp; Flo 56 Ultra Dry Nappies Size 3"
                /></picture></div
            ></a>
            <div class="product-details--wrapper">
              <h3>
                <a
                  href="/groceries/en-GB/products/304391612"
                  class="styled__Anchor-sc-1xbujuz-0 bmBCJq beans-link__anchor"
                  data-auto="product-tile--title"
                  ><span
                    class="styled__Text-sc-1xbujuz-1 ldbwMG beans-link__text"
                    >Fred &amp; Flo 56 Ultra Dry Nappies Size 3</span
                  ></a
                >
              </h3>
              <div
                class="styles__StyledPromotionsAboveMobile-dvv1wj-7 iPTMuo"
              ></div>
              <div class="styles__StyledProductDetailsContent-dvv1wj-5 ddRSrq">
                <a
                  href="/groceries/en-GB/reviews/submission/304391612?from=%2Fshop%2Fbaby%2Fall"
                  aria-label="Write a review for Fred &amp; Flo 56 Ultra Dry Nappies Size 3"
                  class="styled__Anchor-sc-1xbujuz-0 cFilde beans-link__anchor"
                  data-auto="review-link"
                  ><span
                    class="styled__Text-sc-1xbujuz-1 fyDIEo beans-link__text"
                    >Write a review</span
                  ><span
                    class="styled__IconContainer-sc-1xbujuz-2 bSauSL beans-link__icon-container"
                    ><svg
                      aria-hidden="true"
                      class="styled__SVG-xxa4wh-1 hQMCqc beans-link__icon beans-icon__svg"
                      height="13.33"
                      preserveAspectRatio="xMinYMax meet"
                      viewBox="-1 0 12 20"
                      width="8"
                      xmlns="http://www.w3.org/2000/svg"
                      color="currentColor"
                    >
                      <path
                        d="M1.312 1.348L10.276 10l-8.964 8.644"
                        fill="none"
                        stroke="currentColor"
                      ></path></svg></span
                ></a>
                <div>
                  <a
                    href="/groceries/en-GB/shop/baby/nappies-and-pants/size-3-and-3+-nappies-and-pants/size-3-and-3+-nappies-and-pants"
                    class="styled__Anchor-sc-1xbujuz-0 cFilde beans-link__anchor"
                    ><span
                      class="styled__Text-sc-1xbujuz-1 fyDIEo beans-link__text"
                      >Rest of
                      <span class="visually-hidden"
                        >Size 3 &amp; 3+ Nappies &amp; Pants</span
                      >
                      shelf</span
                    ><span
                      class="styled__IconContainer-sc-1xbujuz-2 bSauSL beans-link__icon-container"
                      ><svg
                        aria-hidden="true"
                        class="styled__SVG-xxa4wh-1 hQMCqc beans-link__icon beans-icon__svg"
                        height="13.33"
                        preserveAspectRatio="xMinYMax meet"
                        viewBox="-1 0 12 20"
                        width="8"
                        xmlns="http://www.w3.org/2000/svg"
                        color="currentColor"
                      >
                        <path
                          d="M1.312 1.348L10.276 10l-8.964 8.644"
                          fill="none"
                          stroke="currentColor"
                        ></path></svg></span
                  ></a>
                </div>
                <div class="product-info-message-section">
                  <div class="product-info-message-list"></div>
                </div>
              </div>
              <div class="styles__StyledBuyBoxWrapper-dvv1wj-4 dSvjUC">
                <div
                  class="styles__StyledBuyBoxContainer-sc-1wx0qp6-0 dAXuso"
                  data-auto="buybox-container"
                >
                  <form
                    action="/groceries/en-GB/trolley/items/304391612?_method=PUT"
                    method="POST"
                    quantitytype="simple-quantity"
                    class="styles__SafeFormWrapper-jtpu2t-0 lcrYKS"
                  >
                    <input type="submit" class="hidden" /><input
                      name="id"
                      type="hidden"
                      value="304391612"
                    /><input
                      name="identifier"
                      type="hidden"
                      value="Page"
                    /><input
                      name="anchorId"
                      type="hidden"
                      value="#tile-304391612"
                    /><input
                      name="returnUrl"
                      type="hidden"
                      value="/groceries/en-GB/shop/baby/all#tile-304391612"
                    /><input name="backToUrl" type="hidden" value="#" /><input
                      name="oldValue"
                      type="hidden"
                      value="0"
                    /><input
                      name="oldUnitChoice"
                      type="hidden"
                      value="pcs"
                    /><input name="newUnitChoice" type="hidden" value="pcs" />
                    <div
                      class="base-components__RootElement-sc-1mosoyj-1 styled__Container-sc-6nhkzi-0 jptQqM hSNpTb beans-buybox__container"
                    >
                      <div
                        class="base-components__BaseElement-sc-1mosoyj-0 styled__PriceAndActions-sc-6nhkzi-3 oznwo eEPLov beans-buybox__price-and-actions"
                      >
                        <div
                          class="base-components__RootElement-sc-1mosoyj-1 styled__Container-sc-8qlq5b-0 jptQqM bgZrjw styled__StyledPrice-sc-6nhkzi-5 iYHeik beans-buybox__price beans-price__container"
                        >
                          <p
                            class="styled__StyledHeading-sc-119w3hf-2 jWPEtj styled__Text-sc-8qlq5b-1 lnaeiZ beans-price__text"
                          >
                            £2.99
                          </p>
                          <p
                            class="styled__StyledFootnote-sc-119w3hf-7 icrlVF styled__Subtext-sc-8qlq5b-2 bNJmdc beans-price__subtext"
                          >
                            £0.05/each
                          </p>
                        </div>
                        <div
                          class="base-components__RootElement-sc-1mosoyj-1 styled__Container-vtxwzb-0 jptQqM bDFhXJ beans-buybox__actions beans-quantity-controls__container"
                        >
                          <div
                            class="base-components__RootElement-sc-1mosoyj-1 styled__Container-sc-16t2b2a-0 jptQqM PUfgZ styled__StyledFormGroup-vtxwzb-1 kzKuAr beans-quantity-controls__form-group beans-form-group__container"
                          >
                            <label
                              class="styled__StyledLabel-sc-1ttuvhr-0 bwxooU beans-form-group__label beans-label"
                              for="quantity-controls-304391612"
                              >Quantity controls
                            </label>
                            <div
                              class="base-components__BaseElement-sc-1mosoyj-0 styled__Children-sc-16t2b2a-3 oznwo gdJvjO beans-form-group__children"
                            >
                              <div
                                class="styled__StyledQuantityControlWrapper-vtxwzb-6 LCxOg"
                              >
                                <label
                                  id="quantity-controls-304391612-label"
                                  class="styled__VisuallyHiddenLabel-vtxwzb-7 gXlLiM"
                                  >add Fred &amp; Flo 56 Ultra Dry Nappies Size
                                  3 to basket</label
                                ><input
                                  class="base-components__RootElement-sc-1mosoyj-1 styled__StyledInput-sc-1jd5f57-0 jptQqM hupFMH styled__StyledInput-vtxwzb-3 lwMHo beans-quantity-controls__input beans-input"
                                  data-auto="beans-quantity-controls-input"
                                  autocomplete="off"
                                  id="quantity-controls-304391612"
                                  maxlength="2"
                                  name="newValue"
                                  type="number"
                                  aria-labelledby="quantity-controls-304391612-label"
                                  value="1"
                                />
                              </div>
                              <button
                                class="styled__BaseButton-rsekm1-0 styled__PrimaryButton-rsekm1-2 jChbeY geeWOF styled__StyledButton-vtxwzb-5 japAxb beans-quantity-controls__add-button beans-button__container"
                                type="submit"
                                data-auto="beans-quantity-controls-add-button"
                                aria-label="add Fred &amp; Flo 56 Ultra Dry Nappies Size 3 to basket"
                              >
                                <span
                                  class="base-components__BaseElement-sc-1mosoyj-0 styled__InnerContainer-rsekm1-1 oznwo fuFres beans-button__inner-container"
                                  ><span
                                    class="base-components__BaseElement-sc-1mosoyj-0 styled__TextSpan-rsekm1-4 oznwo GDiMp beans-button__text"
                                    >Add</span
                                  ></span
                                >
                              </button>
                            </div>
                          </div>
                        </div>
                      </div>
                    </div>
                    <input
                      name="_csrf"
                      type="hidden"
                      value="F4ilyTJl-LvtqLgFsBkctxWaUBk6u5LvYpFM"
                    />
                  </form>
                </div>
              </div>
            </div>
            <div class="hidden-medium product-info-section-small">
              <div class="product-info-message-list"></div>
            </div>
          </div>
        </div>
      </div>
    </div>
  </li>
  <li class="product-list--list-item">
    <div class="styles__StyledVerticalTileWrapper-dvv1wj-0 dtCNPH">
      <div
        data-auto="product-tile"
        data-auto-type="Quantity"
        data-auto-available="true"
        data-auto-is-restricted-disabled="false"
        data-auto-is-substitute="false"
        class="styles__StyledVerticalTile-dvv1wj-1 hJqNin"
      >
        <div class="styles__StyledTileContentWrapper-dvv1wj-2 bkNhNP beans">
          <div
            id="tile-310676857"
            data-auto-id="310676857"
            class="styles__StyledTiledContent-dvv1wj-3 bcglTg"
          >
            <a
              href="/groceries/en-GB/products/310676857"
              aria-hidden="true"
              class="product-image-wrapper"
              tabindex="1"
              ><div class="product-image__container">
                <picture
                  ><img
                    class="styled__Image-sjvkdn-0 bJErKA product-image beans-responsive-image__image"
                    src="https://digitalcontent.api.tesco.com/v2/media/ghs/ffc564bd-4c9c-441f-aea5-392bca733b64/6411df66-ddc9-4ad8-9c88-0a812f0b0380_1312266890.jpeg?h=225&amp;w=225"
                    srcset="
                      https://digitalcontent.api.tesco.com/v2/media/ghs/ffc564bd-4c9c-441f-aea5-392bca733b64/6411df66-ddc9-4ad8-9c88-0a812f0b0380_1312266890.jpeg?h=225&amp;w=225  768w,
                      https://digitalcontent.api.tesco.com/v2/media/ghs/ffc564bd-4c9c-441f-aea5-392bca733b64/6411df66-ddc9-4ad8-9c88-0a812f0b0380_1312266890.jpeg?h=225&amp;w=225 4000w
                    "
                    alt="Huggies Natural Biodegradable 48 Wet Wipes X 8"
                /></picture></div
            ></a>
            <div class="product-details--wrapper">
              <h3>
                <a
                  href="/groceries/en-GB/products/310676857"
                  class="styled__Anchor-sc-1xbujuz-0 bmBCJq beans-link__anchor"
                  data-auto="product-tile--title"
                  ><span
                    class="styled__Text-sc-1xbujuz-1 ldbwMG beans-link__text"
                    >Huggies Natural Biodegradable 48 Wet Wipes X 8</span
                  ></a
                >
              </h3>
              <div class="styles__StyledProductDetailsContent-dvv1wj-5 ddRSrq">
                <a
                  href="/groceries/en-GB/reviews/submission/310676857?from=%2Fshop%2Fbaby%2Fall"
                  aria-label="Write a review for Huggies Natural Biodegradable 48 Wet Wipes X 8"
                  class="styled__Anchor-sc-1xbujuz-0 cFilde beans-link__anchor"
                  data-auto="review-link"
                  ><span
                    class="styled__Text-sc-1xbujuz-1 fyDIEo beans-link__text"
                    >Write a review</span
                  ><span
                    class="styled__IconContainer-sc-1xbujuz-2 bSauSL beans-link__icon-container"
                    ><svg
                      aria-hidden="true"
                      class="styled__SVG-xxa4wh-1 hQMCqc beans-link__icon beans-icon__svg"
                      height="13.33"
                      preserveAspectRatio="xMinYMax meet"
                      viewBox="-1 0 12 20"
                      width="8"
                      xmlns="http://www.w3.org/2000/svg"
                      color="currentColor"
                    >
                      <path
                        d="M1.312 1.348L10.276 10l-8.964 8.644"
                        fill="none"
                        stroke="currentColor"
                      ></path></svg></span
                ></a>
                <div>
                  <a
                    href="/groceries/en-GB/shop/baby/baby-and-toddler-wipes/fragrance-free-baby-wipes/multipack-fragrance-free-baby-wipes"
                    class="styled__Anchor-sc-1xbujuz-0 cFilde beans-link__anchor"
                    ><span
                      class="styled__Text-sc-1xbujuz-1 fyDIEo beans-link__text"
                      >Rest of
                      <span class="visually-hidden"
                        >Multipack Fragrance Free Baby Wipes</span
                      >
                      shelf</span
                    ><span
                      class="styled__IconContainer-sc-1xbujuz-2 bSauSL beans-link__icon-container"
                      ><svg
                        aria-hidden="true"
                        class="styled__SVG-xxa4wh-1 hQMCqc beans-link__icon beans-icon__svg"
                        height="13.33"
                        preserveAspectRatio="xMinYMax meet"
                        viewBox="-1 0 12 20"
                        width="8"
                        xmlns="http://www.w3.org/2000/svg"
                        color="currentColor"
                      >
                        <path
                          d="M1.312 1.348L10.276 10l-8.964 8.644"
                          fill="none"
                          stroke="currentColor"
                        ></path></svg></span
                  ></a>
                </div>
                <div class="product-info-message-section">
                  <div class="product-info-message-list"></div>
                </div>
              </div>
              <div
                class="styles__StyledPromotionsWithBuyBoxWrapper-dvv1wj-8 cZskDh"
              >
                <div
                  class="styles__StyledPromotionsAboveMobile-dvv1wj-7 iPTMuo"
                >
                  <div
                    class="styles__StyledPromotionsWithClubcardPriceContainer-sc-1vdpoop-0 bsPFbn"
                  >
                    <div class="styles__StyledClubcardLogo-sc-1vdpoop-2 elOZEB">
                      <div
                        class="styles__Wrapper-sc-1d2phhy-0 hgBuQG undefined special-offer-sash"
                      >
                        <span class="styles__CircleWrapper-sc-1d2phhy-2 hCbzjm"
                          ><strong
                            class="styles__TextWrapper-sc-1d2phhy-1 bLXNGg"
                            >Clubcard Price</strong
                          ></span
                        >
                      </div>
                    </div>
                    <a href="/groceries/en-GB/promotions/88506402"
                      ><div
                        class="styles__ProductPromotionStyling-sc-1vdpoop-3 oqgZF"
                      >
                        <div
                          class="styles__StyledPromotionsOfferContent-sc-1vdpoop-1 cPSekc"
                        >
                          <span class="offer-text"
                            >2 for £13 Clubcard Price - Huggies Natural
                            Biodegradable Baby Wipes 8 Pack</span
                          >
                        </div>
                        <span class="dates"
                          >Offer valid for delivery from 18/05/2022 until
                          28/06/2022</span
                        >
                      </div></a
                    >
                  </div>
                </div>
                <div class="styles__StyledBuyBoxWrapper-dvv1wj-4 dSvjUC">
                  <div
                    class="styles__StyledBuyBoxContainer-sc-1wx0qp6-0 dAXuso"
                    data-auto="buybox-container"
                  >
                    <form
                      action="/groceries/en-GB/trolley/items/310676857?_method=PUT"
                      method="POST"
                      quantitytype="simple-quantity"
                      class="styles__SafeFormWrapper-jtpu2t-0 lcrYKS"
                    >
                      <input type="submit" class="hidden" /><input
                        name="id"
                        type="hidden"
                        value="310676857"
                      /><input
                        name="identifier"
                        type="hidden"
                        value="Page"
                      /><input
                        name="anchorId"
                        type="hidden"
                        value="#tile-310676857"
                      /><input
                        name="returnUrl"
                        type="hidden"
                        value="/groceries/en-GB/shop/baby/all#tile-310676857"
                      /><input name="backToUrl" type="hidden" value="#" /><input
                        name="oldValue"
                        type="hidden"
                        value="0"
                      /><input
                        name="oldUnitChoice"
                        type="hidden"
                        value="pcs"
                      /><input name="newUnitChoice" type="hidden" value="pcs" />
                      <div
                        class="base-components__RootElement-sc-1mosoyj-1 styled__Container-sc-6nhkzi-0 jptQqM hSNpTb beans-buybox__container"
                      >
                        <div
                          class="base-components__BaseElement-sc-1mosoyj-0 styled__PriceAndActions-sc-6nhkzi-3 oznwo eEPLov beans-buybox__price-and-actions"
                        >
                          <div
                            class="base-components__RootElement-sc-1mosoyj-1 styled__Container-sc-8qlq5b-0 jptQqM bgZrjw styled__StyledPrice-sc-6nhkzi-5 iYHeik beans-buybox__price beans-price__container"
                          >
                            <p
                              class="styled__StyledHeading-sc-119w3hf-2 jWPEtj styled__Text-sc-8qlq5b-1 lnaeiZ beans-price__text"
                            >
                              £7.50
                            </p>
                            <p
                              class="styled__StyledFootnote-sc-119w3hf-7 icrlVF styled__Subtext-sc-8qlq5b-2 bNJmdc beans-price__subtext"
                            >
                              £1.96/100sht
                            </p>
                          </div>
                          <div
                            class="base-components__RootElement-sc-1mosoyj-1 styled__Container-vtxwzb-0 jptQqM bDFhXJ beans-buybox__actions beans-quantity-controls__container"
                          >
                            <div
                              class="base-components__RootElement-sc-1mosoyj-1 styled__Container-sc-16t2b2a-0 jptQqM PUfgZ styled__StyledFormGroup-vtxwzb-1 kzKuAr beans-quantity-controls__form-group beans-form-group__container"
                            >
                              <label
                                class="styled__StyledLabel-sc-1ttuvhr-0 bwxooU beans-form-group__label beans-label"
                                for="quantity-controls-310676857"
                                >Quantity controls
                              </label>
                              <div
                                class="base-components__BaseElement-sc-1mosoyj-0 styled__Children-sc-16t2b2a-3 oznwo gdJvjO beans-form-group__children"
                              >
                                <div
                                  class="styled__StyledQuantityControlWrapper-vtxwzb-6 LCxOg"
                                >
                                  <label
                                    id="quantity-controls-310676857-label"
                                    class="styled__VisuallyHiddenLabel-vtxwzb-7 gXlLiM"
                                    >add Huggies Natural Biodegradable 48 Wet
                                    Wipes X 8 to basket</label
                                  ><input
                                    class="base-components__RootElement-sc-1mosoyj-1 styled__StyledInput-sc-1jd5f57-0 jptQqM hupFMH styled__StyledInput-vtxwzb-3 lwMHo beans-quantity-controls__input beans-input"
                                    data-auto="beans-quantity-controls-input"
                                    autocomplete="off"
                                    id="quantity-controls-310676857"
                                    maxlength="2"
                                    name="newValue"
                                    type="number"
                                    aria-labelledby="quantity-controls-310676857-label"
                                    value="1"
                                  />
                                </div>
                                <button
                                  class="styled__BaseButton-rsekm1-0 styled__PrimaryButton-rsekm1-2 jChbeY geeWOF styled__StyledButton-vtxwzb-5 japAxb beans-quantity-controls__add-button beans-button__container"
                                  type="submit"
                                  data-auto="beans-quantity-controls-add-button"
                                  aria-label="add Huggies Natural Biodegradable 48 Wet Wipes X 8 to basket"
                                >
                                  <span
                                    class="base-components__BaseElement-sc-1mosoyj-0 styled__InnerContainer-rsekm1-1 oznwo fuFres beans-button__inner-container"
                                    ><span
                                      class="base-components__BaseElement-sc-1mosoyj-0 styled__TextSpan-rsekm1-4 oznwo GDiMp beans-button__text"
                                      >Add</span
                                    ></span
                                  >
                                </button>
                              </div>
                            </div>
                          </div>
                        </div>
                      </div>
                      <input
                        name="_csrf"
                        type="hidden"
                        value="F4ilyTJl-LvtqLgFsBkctxWaUBk6u5LvYpFM"
                      />
                    </form>
                  </div>
                </div>
              </div>
            </div>
            <div class="hidden-medium product-info-section-small">
              <div class="product-info-message-list"></div>
            </div>
          </div>
          <div class="styles__StyledPromotionsMobile-dvv1wj-6 Bxaeb">
            <div>
              <div
                class="styles__StyledPromotionsWithClubcardPriceContainer-sc-1vdpoop-0 bsPFbn"
              >
                <div class="styles__StyledClubcardLogo-sc-1vdpoop-2 elOZEB">
                  <div
                    class="styles__Wrapper-sc-1d2phhy-0 hgBuQG undefined special-offer-sash"
                  >
                    <span class="styles__CircleWrapper-sc-1d2phhy-2 hCbzjm"
                      ><strong class="styles__TextWrapper-sc-1d2phhy-1 bLXNGg"
                        >Clubcard Price</strong
                      ></span
                    >
                  </div>
                </div>
                <a href="/groceries/en-GB/promotions/88506402"
                  ><div
                    class="styles__ProductPromotionStyling-sc-1vdpoop-3 oqgZF"
                  >
                    <div
                      class="styles__StyledPromotionsOfferContent-sc-1vdpoop-1 cPSekc"
                    >
                      <span class="offer-text"
                        >2 for £13 Clubcard Price - Huggies Natural
                        Biodegradable Baby Wipes 8 Pack</span
                      >
                    </div>
                    <span class="dates"
                      >Offer valid for delivery from 18/05/2022 until
                      28/06/2022</span
                    >
                  </div></a
                >
              </div>
            </div>
          </div>
        </div>
      </div>
    </div>
  </li>
  <li class="product-list--list-item">
    <div class="styles__StyledVerticalTileWrapper-dvv1wj-0 dtCNPH">
      <div
        data-auto="product-tile"
        data-auto-type="Quantity"
        data-auto-available="true"
        data-auto-is-restricted-disabled="false"
        data-auto-is-substitute="false"
        class="styles__StyledVerticalTile-dvv1wj-1 hJqNin"
      >
        <div class="styles__StyledTileContentWrapper-dvv1wj-2 bkNhNP beans">
          <div
            id="tile-281184812"
            data-auto-id="281184812"
            class="styles__StyledTiledContent-dvv1wj-3 bcglTg"
          >
            <a
              href="/groceries/en-GB/products/281184812"
              aria-hidden="true"
              class="product-image-wrapper"
              tabindex="1"
              ><div class="product-image__container">
                <picture
                  ><img
                    class="styled__Image-sjvkdn-0 bJErKA product-image beans-responsive-image__image"
                    src="https://digitalcontent.api.tesco.com/v2/media/ghs/04035fb4-f7d3-4a4d-ae19-da4d98777894/ce4d5c9c-c1aa-4538-af3a-799c6cb0f9f7_889659049.jpeg?h=225&amp;w=225"
                    srcset="
                      https://digitalcontent.api.tesco.com/v2/media/ghs/04035fb4-f7d3-4a4d-ae19-da4d98777894/ce4d5c9c-c1aa-4538-af3a-799c6cb0f9f7_889659049.jpeg?h=225&amp;w=225  768w,
                      https://digitalcontent.api.tesco.com/v2/media/ghs/04035fb4-f7d3-4a4d-ae19-da4d98777894/ce4d5c9c-c1aa-4538-af3a-799c6cb0f9f7_889659049.jpeg?h=225&amp;w=225 4000w
                    "
                    alt="Aptamil 3 Ready To Drink Toddler Milk 1-3 Years 200Ml"
                /></picture></div
            ></a>
            <div class="product-details--wrapper">
              <h3>
                <a
                  href="/groceries/en-GB/products/281184812"
                  class="styled__Anchor-sc-1xbujuz-0 bmBCJq beans-link__anchor"
                  data-auto="product-tile--title"
                  ><span
                    class="styled__Text-sc-1xbujuz-1 ldbwMG beans-link__text"
                    >Aptamil 3 Ready To Drink Toddler Milk 1-3 Years 200Ml</span
                  ></a
                >
              </h3>
              <div
                class="styles__StyledPromotionsAboveMobile-dvv1wj-7 iPTMuo"
              ></div>
              <div class="styles__StyledProductDetailsContent-dvv1wj-5 ddRSrq">
                <a
                  href="/groceries/en-GB/reviews/submission/281184812?from=%2Fshop%2Fbaby%2Fall"
                  aria-label="Write a review for Aptamil 3 Ready To Drink Toddler Milk 1-3 Years 200Ml"
                  class="styled__Anchor-sc-1xbujuz-0 cFilde beans-link__anchor"
                  data-auto="review-link"
                  ><span
                    class="styled__Text-sc-1xbujuz-1 fyDIEo beans-link__text"
                    >Write a review</span
                  ><span
                    class="styled__IconContainer-sc-1xbujuz-2 bSauSL beans-link__icon-container"
                    ><svg
                      aria-hidden="true"
                      class="styled__SVG-xxa4wh-1 hQMCqc beans-link__icon beans-icon__svg"
                      height="13.33"
                      preserveAspectRatio="xMinYMax meet"
                      viewBox="-1 0 12 20"
                      width="8"
                      xmlns="http://www.w3.org/2000/svg"
                      color="currentColor"
                    >
                      <path
                        d="M1.312 1.348L10.276 10l-8.964 8.644"
                        fill="none"
                        stroke="currentColor"
                      ></path></svg></span
                ></a>
                <div>
                  <a
                    href="/groceries/en-GB/shop/baby/baby-and-toddler-milk/growing-up-baby-milk-from-12-months/growing-up-baby-milk-from-12-months"
                    class="styled__Anchor-sc-1xbujuz-0 cFilde beans-link__anchor"
                    ><span
                      class="styled__Text-sc-1xbujuz-1 fyDIEo beans-link__text"
                      >Rest of
                      <span class="visually-hidden"
                        >Growing Up Baby Milk From 12 Months</span
                      >
                      shelf</span
                    ><span
                      class="styled__IconContainer-sc-1xbujuz-2 bSauSL beans-link__icon-container"
                      ><svg
                        aria-hidden="true"
                        class="styled__SVG-xxa4wh-1 hQMCqc beans-link__icon beans-icon__svg"
                        height="13.33"
                        preserveAspectRatio="xMinYMax meet"
                        viewBox="-1 0 12 20"
                        width="8"
                        xmlns="http://www.w3.org/2000/svg"
                        color="currentColor"
                      >
                        <path
                          d="M1.312 1.348L10.276 10l-8.964 8.644"
                          fill="none"
                          stroke="currentColor"
                        ></path></svg></span
                  ></a>
                </div>
                <div class="product-info-message-section">
                  <div class="product-info-message-list"></div>
                </div>
              </div>
              <div class="styles__StyledBuyBoxWrapper-dvv1wj-4 dSvjUC">
                <div
                  class="styles__StyledBuyBoxContainer-sc-1wx0qp6-0 dAXuso"
                  data-auto="buybox-container"
                >
                  <form
                    action="/groceries/en-GB/trolley/items/281184812?_method=PUT"
                    method="POST"
                    quantitytype="simple-quantity"
                    class="styles__SafeFormWrapper-jtpu2t-0 lcrYKS"
                  >
                    <input type="submit" class="hidden" /><input
                      name="id"
                      type="hidden"
                      value="281184812"
                    /><input
                      name="identifier"
                      type="hidden"
                      value="Page"
                    /><input
                      name="anchorId"
                      type="hidden"
                      value="#tile-281184812"
                    /><input
                      name="returnUrl"
                      type="hidden"
                      value="/groceries/en-GB/shop/baby/all#tile-281184812"
                    /><input name="backToUrl" type="hidden" value="#" /><input
                      name="oldValue"
                      type="hidden"
                      value="0"
                    /><input
                      name="oldUnitChoice"
                      type="hidden"
                      value="pcs"
                    /><input name="newUnitChoice" type="hidden" value="pcs" />
                    <div
                      class="base-components__RootElement-sc-1mosoyj-1 styled__Container-sc-6nhkzi-0 jptQqM hSNpTb beans-buybox__container"
                    >
                      <div
                        class="base-components__BaseElement-sc-1mosoyj-0 styled__PriceAndActions-sc-6nhkzi-3 oznwo eEPLov beans-buybox__price-and-actions"
                      >
                        <div
                          class="base-components__RootElement-sc-1mosoyj-1 styled__Container-sc-8qlq5b-0 jptQqM bgZrjw styled__StyledPrice-sc-6nhkzi-5 iYHeik beans-buybox__price beans-price__container"
                        >
                          <p
                            class="styled__StyledHeading-sc-119w3hf-2 jWPEtj styled__Text-sc-8qlq5b-1 lnaeiZ beans-price__text"
                          >
                            £0.90
                          </p>
                          <p
                            class="styled__StyledFootnote-sc-119w3hf-7 icrlVF styled__Subtext-sc-8qlq5b-2 bNJmdc beans-price__subtext"
                          >
                            £4.50/litre
                          </p>
                        </div>
                        <div
                          class="base-components__RootElement-sc-1mosoyj-1 styled__Container-vtxwzb-0 jptQqM bDFhXJ beans-buybox__actions beans-quantity-controls__container"
                        >
                          <div
                            class="base-components__RootElement-sc-1mosoyj-1 styled__Container-sc-16t2b2a-0 jptQqM PUfgZ styled__StyledFormGroup-vtxwzb-1 kzKuAr beans-quantity-controls__form-group beans-form-group__container"
                          >
                            <label
                              class="styled__StyledLabel-sc-1ttuvhr-0 bwxooU beans-form-group__label beans-label"
                              for="quantity-controls-281184812"
                              >Quantity controls
                            </label>
                            <div
                              class="base-components__BaseElement-sc-1mosoyj-0 styled__Children-sc-16t2b2a-3 oznwo gdJvjO beans-form-group__children"
                            >
                              <div
                                class="styled__StyledQuantityControlWrapper-vtxwzb-6 LCxOg"
                              >
                                <label
                                  id="quantity-controls-281184812-label"
                                  class="styled__VisuallyHiddenLabel-vtxwzb-7 gXlLiM"
                                  >add Aptamil 3 Ready To Drink Toddler Milk 1-3
                                  Years 200Ml to basket</label
                                ><input
                                  class="base-components__RootElement-sc-1mosoyj-1 styled__StyledInput-sc-1jd5f57-0 jptQqM hupFMH styled__StyledInput-vtxwzb-3 lwMHo beans-quantity-controls__input beans-input"
                                  data-auto="beans-quantity-controls-input"
                                  autocomplete="off"
                                  id="quantity-controls-281184812"
                                  maxlength="2"
                                  name="newValue"
                                  type="number"
                                  aria-labelledby="quantity-controls-281184812-label"
                                  value="1"
                                />
                              </div>
                              <button
                                class="styled__BaseButton-rsekm1-0 styled__PrimaryButton-rsekm1-2 jChbeY geeWOF styled__StyledButton-vtxwzb-5 japAxb beans-quantity-controls__add-button beans-button__container"
                                type="submit"
                                data-auto="beans-quantity-controls-add-button"
                                aria-label="add Aptamil 3 Ready To Drink Toddler Milk 1-3 Years 200Ml to basket"
                              >
                                <span
                                  class="base-components__BaseElement-sc-1mosoyj-0 styled__InnerContainer-rsekm1-1 oznwo fuFres beans-button__inner-container"
                                  ><span
                                    class="base-components__BaseElement-sc-1mosoyj-0 styled__TextSpan-rsekm1-4 oznwo GDiMp beans-button__text"
                                    >Add</span
                                  ></span
                                >
                              </button>
                            </div>
                          </div>
                        </div>
                      </div>
                    </div>
                    <input
                      name="_csrf"
                      type="hidden"
                      value="F4ilyTJl-LvtqLgFsBkctxWaUBk6u5LvYpFM"
                    />
                  </form>
                </div>
              </div>
            </div>
            <div class="hidden-medium product-info-section-small">
              <div class="product-info-message-list"></div>
            </div>
          </div>
        </div>
      </div>
    </div>
  </li>
  <li class="product-list--list-item">
    <div class="styles__StyledVerticalTileWrapper-dvv1wj-0 dtCNPH">
      <div
        data-auto="product-tile"
        data-auto-type="Quantity"
        data-auto-available="true"
        data-auto-is-restricted-disabled="false"
        data-auto-is-substitute="false"
        class="styles__StyledVerticalTile-dvv1wj-1 hJqNin"
      >
        <div class="styles__StyledTileContentWrapper-dvv1wj-2 bkNhNP beans">
          <div
            id="tile-275459111"
            data-auto-id="275459111"
            class="styles__StyledTiledContent-dvv1wj-3 bcglTg"
          >
            <a
              href="/groceries/en-GB/products/275459111"
              aria-hidden="true"
              class="product-image-wrapper"
              tabindex="1"
              ><div class="product-image__container">
                <picture
                  ><img
                    class="styled__Image-sjvkdn-0 bJErKA product-image beans-responsive-image__image"
                    src="https://digitalcontent.api.tesco.com/v2/media/ghs/c90f8db9-64c2-4b0c-b794-7039f6fea871/c6eec63a-4248-4ccd-97fc-8641a3bd69cf_1095411036.jpeg?h=225&amp;w=225"
                    srcset="
                      https://digitalcontent.api.tesco.com/v2/media/ghs/c90f8db9-64c2-4b0c-b794-7039f6fea871/c6eec63a-4248-4ccd-97fc-8641a3bd69cf_1095411036.jpeg?h=225&amp;w=225  768w,
                      https://digitalcontent.api.tesco.com/v2/media/ghs/c90f8db9-64c2-4b0c-b794-7039f6fea871/c6eec63a-4248-4ccd-97fc-8641a3bd69cf_1095411036.jpeg?h=225&amp;w=225 4000w
                    "
                    alt="Ella's Kitchen The Red One Multipack 450G"
                /></picture></div
            ></a>
            <div class="product-details--wrapper">
              <h3>
                <a
                  href="/groceries/en-GB/products/275459111"
                  class="styled__Anchor-sc-1xbujuz-0 bmBCJq beans-link__anchor"
                  data-auto="product-tile--title"
                  ><span
                    class="styled__Text-sc-1xbujuz-1 ldbwMG beans-link__text"
                    >Ella's Kitchen The Red One Multipack 450G</span
                  ></a
                >
              </h3>
              <div
                class="styles__StyledPromotionsAboveMobile-dvv1wj-7 iPTMuo"
              ></div>
              <div class="styles__StyledProductDetailsContent-dvv1wj-5 ddRSrq">
                <a
                  href="/groceries/en-GB/reviews/submission/275459111?from=%2Fshop%2Fbaby%2Fall"
                  aria-label="Write a review for Ella's Kitchen The Red One Multipack 450G"
                  class="styled__Anchor-sc-1xbujuz-0 cFilde beans-link__anchor"
                  data-auto="review-link"
                  ><span
                    class="styled__Text-sc-1xbujuz-1 fyDIEo beans-link__text"
                    >Write a review</span
                  ><span
                    class="styled__IconContainer-sc-1xbujuz-2 bSauSL beans-link__icon-container"
                    ><svg
                      aria-hidden="true"
                      class="styled__SVG-xxa4wh-1 hQMCqc beans-link__icon beans-icon__svg"
                      height="13.33"
                      preserveAspectRatio="xMinYMax meet"
                      viewBox="-1 0 12 20"
                      width="8"
                      xmlns="http://www.w3.org/2000/svg"
                      color="currentColor"
                    >
                      <path
                        d="M1.312 1.348L10.276 10l-8.964 8.644"
                        fill="none"
                        stroke="currentColor"
                      ></path></svg></span
                ></a>
                <div>
                  <a
                    href="/groceries/en-GB/shop/baby/baby-and-toddler-food/stage-1-(4-6+-months)/baby-and-toddler-pouch-meals-stage-1"
                    class="styled__Anchor-sc-1xbujuz-0 cFilde beans-link__anchor"
                    ><span
                      class="styled__Text-sc-1xbujuz-1 fyDIEo beans-link__text"
                      >Rest of
                      <span class="visually-hidden"
                        >Baby &amp; Toddler Pouch Meals, Stage 1</span
                      >
                      shelf</span
                    ><span
                      class="styled__IconContainer-sc-1xbujuz-2 bSauSL beans-link__icon-container"
                      ><svg
                        aria-hidden="true"
                        class="styled__SVG-xxa4wh-1 hQMCqc beans-link__icon beans-icon__svg"
                        height="13.33"
                        preserveAspectRatio="xMinYMax meet"
                        viewBox="-1 0 12 20"
                        width="8"
                        xmlns="http://www.w3.org/2000/svg"
                        color="currentColor"
                      >
                        <path
                          d="M1.312 1.348L10.276 10l-8.964 8.644"
                          fill="none"
                          stroke="currentColor"
                        ></path></svg></span
                  ></a>
                </div>
                <div class="product-info-message-section">
                  <div class="product-info-message-list"></div>
                </div>
              </div>
              <div class="styles__StyledBuyBoxWrapper-dvv1wj-4 dSvjUC">
                <div
                  class="styles__StyledBuyBoxContainer-sc-1wx0qp6-0 dAXuso"
                  data-auto="buybox-container"
                >
                  <form
                    action="/groceries/en-GB/trolley/items/275459111?_method=PUT"
                    method="POST"
                    quantitytype="simple-quantity"
                    class="styles__SafeFormWrapper-jtpu2t-0 lcrYKS"
                  >
                    <input type="submit" class="hidden" /><input
                      name="id"
                      type="hidden"
                      value="275459111"
                    /><input
                      name="identifier"
                      type="hidden"
                      value="Page"
                    /><input
                      name="anchorId"
                      type="hidden"
                      value="#tile-275459111"
                    /><input
                      name="returnUrl"
                      type="hidden"
                      value="/groceries/en-GB/shop/baby/all#tile-275459111"
                    /><input name="backToUrl" type="hidden" value="#" /><input
                      name="oldValue"
                      type="hidden"
                      value="0"
                    /><input
                      name="oldUnitChoice"
                      type="hidden"
                      value="pcs"
                    /><input name="newUnitChoice" type="hidden" value="pcs" />
                    <div
                      class="base-components__RootElement-sc-1mosoyj-1 styled__Container-sc-6nhkzi-0 jptQqM hSNpTb beans-buybox__container"
                    >
                      <div
                        class="base-components__BaseElement-sc-1mosoyj-0 styled__PriceAndActions-sc-6nhkzi-3 oznwo eEPLov beans-buybox__price-and-actions"
                      >
                        <div
                          class="base-components__RootElement-sc-1mosoyj-1 styled__Container-sc-8qlq5b-0 jptQqM bgZrjw styled__StyledPrice-sc-6nhkzi-5 iYHeik beans-buybox__price beans-price__container"
                        >
                          <p
                            class="styled__StyledHeading-sc-119w3hf-2 jWPEtj styled__Text-sc-8qlq5b-1 lnaeiZ beans-price__text"
                          >
                            £3.85
                          </p>
                          <p
                            class="styled__StyledFootnote-sc-119w3hf-7 icrlVF styled__Subtext-sc-8qlq5b-2 bNJmdc beans-price__subtext"
                          >
                            £0.86/100g
                          </p>
                        </div>
                        <div
                          class="base-components__RootElement-sc-1mosoyj-1 styled__Container-vtxwzb-0 jptQqM bDFhXJ beans-buybox__actions beans-quantity-controls__container"
                        >
                          <div
                            class="base-components__RootElement-sc-1mosoyj-1 styled__Container-sc-16t2b2a-0 jptQqM PUfgZ styled__StyledFormGroup-vtxwzb-1 kzKuAr beans-quantity-controls__form-group beans-form-group__container"
                          >
                            <label
                              class="styled__StyledLabel-sc-1ttuvhr-0 bwxooU beans-form-group__label beans-label"
                              for="quantity-controls-275459111"
                              >Quantity controls
                            </label>
                            <div
                              class="base-components__BaseElement-sc-1mosoyj-0 styled__Children-sc-16t2b2a-3 oznwo gdJvjO beans-form-group__children"
                            >
                              <div
                                class="styled__StyledQuantityControlWrapper-vtxwzb-6 LCxOg"
                              >
                                <label
                                  id="quantity-controls-275459111-label"
                                  class="styled__VisuallyHiddenLabel-vtxwzb-7 gXlLiM"
                                  >add Ella's Kitchen The Red One Multipack 450G
                                  to basket</label
                                ><input
                                  class="base-components__RootElement-sc-1mosoyj-1 styled__StyledInput-sc-1jd5f57-0 jptQqM hupFMH styled__StyledInput-vtxwzb-3 lwMHo beans-quantity-controls__input beans-input"
                                  data-auto="beans-quantity-controls-input"
                                  autocomplete="off"
                                  id="quantity-controls-275459111"
                                  maxlength="2"
                                  name="newValue"
                                  type="number"
                                  aria-labelledby="quantity-controls-275459111-label"
                                  value="1"
                                />
                              </div>
                              <button
                                class="styled__BaseButton-rsekm1-0 styled__PrimaryButton-rsekm1-2 jChbeY geeWOF styled__StyledButton-vtxwzb-5 japAxb beans-quantity-controls__add-button beans-button__container"
                                type="submit"
                                data-auto="beans-quantity-controls-add-button"
                                aria-label="add Ella's Kitchen The Red One Multipack 450G to basket"
                              >
                                <span
                                  class="base-components__BaseElement-sc-1mosoyj-0 styled__InnerContainer-rsekm1-1 oznwo fuFres beans-button__inner-container"
                                  ><span
                                    class="base-components__BaseElement-sc-1mosoyj-0 styled__TextSpan-rsekm1-4 oznwo GDiMp beans-button__text"
                                    >Add</span
                                  ></span
                                >
                              </button>
                            </div>
                          </div>
                        </div>
                      </div>
                    </div>
                    <input
                      name="_csrf"
                      type="hidden"
                      value="F4ilyTJl-LvtqLgFsBkctxWaUBk6u5LvYpFM"
                    />
                  </form>
                </div>
              </div>
            </div>
            <div class="hidden-medium product-info-section-small">
              <div class="product-info-message-list"></div>
            </div>
          </div>
        </div>
      </div>
    </div>
  </li>
  <li class="product-list--list-item">
    <div class="styles__StyledVerticalTileWrapper-dvv1wj-0 dtCNPH">
      <div
        data-auto="product-tile"
        data-auto-type="Quantity"
        data-auto-available="true"
        data-auto-is-restricted-disabled="false"
        data-auto-is-substitute="false"
        class="styles__StyledVerticalTile-dvv1wj-1 hJqNin"
      >
        <div class="styles__StyledTileContentWrapper-dvv1wj-2 bkNhNP beans">
          <div
            id="tile-305781702"
            data-auto-id="305781702"
            class="styles__StyledTiledContent-dvv1wj-3 bcglTg"
          >
            <a
              href="/groceries/en-GB/products/305781702"
              aria-hidden="true"
              class="product-image-wrapper"
              tabindex="1"
              ><div class="product-image__container">
                <picture
                  ><img
                    class="styled__Image-sjvkdn-0 bJErKA product-image beans-responsive-image__image"
                    src="https://digitalcontent.api.tesco.com/v2/media/ghs/4155d11d-e752-4c4c-b567-13d02937f19c/76cc8c71-ebf5-4f43-ace8-aabaff7c8277_1443202270.jpeg?h=225&amp;w=225"
                    srcset="
                      https://digitalcontent.api.tesco.com/v2/media/ghs/4155d11d-e752-4c4c-b567-13d02937f19c/76cc8c71-ebf5-4f43-ace8-aabaff7c8277_1443202270.jpeg?h=225&amp;w=225  768w,
                      https://digitalcontent.api.tesco.com/v2/media/ghs/4155d11d-e752-4c4c-b567-13d02937f19c/76cc8c71-ebf5-4f43-ace8-aabaff7c8277_1443202270.jpeg?h=225&amp;w=225 4000w
                    "
                    alt="Sma Pro First Infant Milk Birth 200Ml"
                /></picture></div
            ></a>
            <div class="product-details--wrapper">
              <h3>
                <a
                  href="/groceries/en-GB/products/305781702"
                  class="styled__Anchor-sc-1xbujuz-0 bmBCJq beans-link__anchor"
                  data-auto="product-tile--title"
                  ><span
                    class="styled__Text-sc-1xbujuz-1 ldbwMG beans-link__text"
                    >Sma Pro First Infant Milk Birth 200Ml</span
                  ></a
                >
              </h3>
              <div
                class="styles__StyledPromotionsAboveMobile-dvv1wj-7 iPTMuo"
              ></div>
              <div class="styles__StyledProductDetailsContent-dvv1wj-5 ddRSrq">
                <a
                  href="/groceries/en-GB/reviews/submission/305781702?from=%2Fshop%2Fbaby%2Fall"
                  aria-label="Write a review for Sma Pro First Infant Milk Birth 200Ml"
                  class="styled__Anchor-sc-1xbujuz-0 cFilde beans-link__anchor"
                  data-auto="review-link"
                  ><span
                    class="styled__Text-sc-1xbujuz-1 fyDIEo beans-link__text"
                    >Write a review</span
                  ><span
                    class="styled__IconContainer-sc-1xbujuz-2 bSauSL beans-link__icon-container"
                    ><svg
                      aria-hidden="true"
                      class="styled__SVG-xxa4wh-1 hQMCqc beans-link__icon beans-icon__svg"
                      height="13.33"
                      preserveAspectRatio="xMinYMax meet"
                      viewBox="-1 0 12 20"
                      width="8"
                      xmlns="http://www.w3.org/2000/svg"
                      color="currentColor"
                    >
                      <path
                        d="M1.312 1.348L10.276 10l-8.964 8.644"
                        fill="none"
                        stroke="currentColor"
                      ></path></svg></span
                ></a>
                <div>
                  <a
                    href="/groceries/en-GB/shop/baby/baby-and-toddler-milk/first-baby-milk-from-birth/first-baby-milk-from-birth"
                    class="styled__Anchor-sc-1xbujuz-0 cFilde beans-link__anchor"
                    ><span
                      class="styled__Text-sc-1xbujuz-1 fyDIEo beans-link__text"
                      >Rest of
                      <span class="visually-hidden"
                        >First Baby Milk from Birth</span
                      >
                      shelf</span
                    ><span
                      class="styled__IconContainer-sc-1xbujuz-2 bSauSL beans-link__icon-container"
                      ><svg
                        aria-hidden="true"
                        class="styled__SVG-xxa4wh-1 hQMCqc beans-link__icon beans-icon__svg"
                        height="13.33"
                        preserveAspectRatio="xMinYMax meet"
                        viewBox="-1 0 12 20"
                        width="8"
                        xmlns="http://www.w3.org/2000/svg"
                        color="currentColor"
                      >
                        <path
                          d="M1.312 1.348L10.276 10l-8.964 8.644"
                          fill="none"
                          stroke="currentColor"
                        ></path></svg></span
                  ></a>
                </div>
                <div class="product-info-message-section">
                  <div class="product-info-message-list"></div>
                </div>
              </div>
              <div class="styles__StyledBuyBoxWrapper-dvv1wj-4 dSvjUC">
                <div
                  class="styles__StyledBuyBoxContainer-sc-1wx0qp6-0 dAXuso"
                  data-auto="buybox-container"
                >
                  <form
                    action="/groceries/en-GB/trolley/items/305781702?_method=PUT"
                    method="POST"
                    quantitytype="simple-quantity"
                    class="styles__SafeFormWrapper-jtpu2t-0 lcrYKS"
                  >
                    <input type="submit" class="hidden" /><input
                      name="id"
                      type="hidden"
                      value="305781702"
                    /><input
                      name="identifier"
                      type="hidden"
                      value="Page"
                    /><input
                      name="anchorId"
                      type="hidden"
                      value="#tile-305781702"
                    /><input
                      name="returnUrl"
                      type="hidden"
                      value="/groceries/en-GB/shop/baby/all#tile-305781702"
                    /><input name="backToUrl" type="hidden" value="#" /><input
                      name="oldValue"
                      type="hidden"
                      value="0"
                    /><input
                      name="oldUnitChoice"
                      type="hidden"
                      value="pcs"
                    /><input name="newUnitChoice" type="hidden" value="pcs" />
                    <div
                      class="base-components__RootElement-sc-1mosoyj-1 styled__Container-sc-6nhkzi-0 jptQqM hSNpTb beans-buybox__container"
                    >
                      <div
                        class="base-components__BaseElement-sc-1mosoyj-0 styled__PriceAndActions-sc-6nhkzi-3 oznwo eEPLov beans-buybox__price-and-actions"
                      >
                        <div
                          class="base-components__RootElement-sc-1mosoyj-1 styled__Container-sc-8qlq5b-0 jptQqM bgZrjw styled__StyledPrice-sc-6nhkzi-5 iYHeik beans-buybox__price beans-price__container"
                        >
                          <p
                            class="styled__StyledHeading-sc-119w3hf-2 jWPEtj styled__Text-sc-8qlq5b-1 lnaeiZ beans-price__text"
                          >
                            £0.90
                          </p>
                          <p
                            class="styled__StyledFootnote-sc-119w3hf-7 icrlVF styled__Subtext-sc-8qlq5b-2 bNJmdc beans-price__subtext"
                          >
                            £4.50/litre
                          </p>
                        </div>
                        <div
                          class="base-components__RootElement-sc-1mosoyj-1 styled__Container-vtxwzb-0 jptQqM bDFhXJ beans-buybox__actions beans-quantity-controls__container"
                        >
                          <div
                            class="base-components__RootElement-sc-1mosoyj-1 styled__Container-sc-16t2b2a-0 jptQqM PUfgZ styled__StyledFormGroup-vtxwzb-1 kzKuAr beans-quantity-controls__form-group beans-form-group__container"
                          >
                            <label
                              class="styled__StyledLabel-sc-1ttuvhr-0 bwxooU beans-form-group__label beans-label"
                              for="quantity-controls-305781702"
                              >Quantity controls
                            </label>
                            <div
                              class="base-components__BaseElement-sc-1mosoyj-0 styled__Children-sc-16t2b2a-3 oznwo gdJvjO beans-form-group__children"
                            >
                              <div
                                class="styled__StyledQuantityControlWrapper-vtxwzb-6 LCxOg"
                              >
                                <label
                                  id="quantity-controls-305781702-label"
                                  class="styled__VisuallyHiddenLabel-vtxwzb-7 gXlLiM"
                                  >add Sma Pro First Infant Milk Birth 200Ml to
                                  basket</label
                                ><input
                                  class="base-components__RootElement-sc-1mosoyj-1 styled__StyledInput-sc-1jd5f57-0 jptQqM hupFMH styled__StyledInput-vtxwzb-3 lwMHo beans-quantity-controls__input beans-input"
                                  data-auto="beans-quantity-controls-input"
                                  autocomplete="off"
                                  id="quantity-controls-305781702"
                                  maxlength="2"
                                  name="newValue"
                                  type="number"
                                  aria-labelledby="quantity-controls-305781702-label"
                                  value="1"
                                />
                              </div>
                              <button
                                class="styled__BaseButton-rsekm1-0 styled__PrimaryButton-rsekm1-2 jChbeY geeWOF styled__StyledButton-vtxwzb-5 japAxb beans-quantity-controls__add-button beans-button__container"
                                type="submit"
                                data-auto="beans-quantity-controls-add-button"
                                aria-label="add Sma Pro First Infant Milk Birth 200Ml to basket"
                              >
                                <span
                                  class="base-components__BaseElement-sc-1mosoyj-0 styled__InnerContainer-rsekm1-1 oznwo fuFres beans-button__inner-container"
                                  ><span
                                    class="base-components__BaseElement-sc-1mosoyj-0 styled__TextSpan-rsekm1-4 oznwo GDiMp beans-button__text"
                                    >Add</span
                                  ></span
                                >
                              </button>
                            </div>
                          </div>
                        </div>
                      </div>
                    </div>
                    <input
                      name="_csrf"
                      type="hidden"
                      value="F4ilyTJl-LvtqLgFsBkctxWaUBk6u5LvYpFM"
                    />
                  </form>
                </div>
              </div>
            </div>
            <div class="hidden-medium product-info-section-small">
              <div class="product-info-message-list"></div>
            </div>
          </div>
        </div>
      </div>
    </div>
  </li>
  <li class="product-list--list-item">
    <div class="styles__StyledVerticalTileWrapper-dvv1wj-0 dtCNPH">
      <div
        data-auto="product-tile"
        data-auto-type="Quantity"
        data-auto-available="true"
        data-auto-is-restricted-disabled="false"
        data-auto-is-substitute="false"
        class="styles__StyledVerticalTile-dvv1wj-1 hJqNin"
      >
        <div class="styles__StyledTileContentWrapper-dvv1wj-2 bkNhNP beans">
          <div
            id="tile-305782724"
            data-auto-id="305782724"
            class="styles__StyledTiledContent-dvv1wj-3 bcglTg"
          >
            <a
              href="/groceries/en-GB/products/305782724"
              aria-hidden="true"
              class="product-image-wrapper"
              tabindex="1"
              ><div class="product-image__container">
                <picture
                  ><img
                    class="styled__Image-sjvkdn-0 bJErKA product-image beans-responsive-image__image"
                    src="https://digitalcontent.api.tesco.com/v2/media/ghs/edac36a7-5ff9-4da7-bad7-82c0c01acf7e/bd8f3efe-4f8f-4756-bc23-10a7d41490ca_648052307.jpeg?h=225&amp;w=225"
                    srcset="
                      https://digitalcontent.api.tesco.com/v2/media/ghs/edac36a7-5ff9-4da7-bad7-82c0c01acf7e/bd8f3efe-4f8f-4756-bc23-10a7d41490ca_648052307.jpeg?h=225&amp;w=225  768w,
                      https://digitalcontent.api.tesco.com/v2/media/ghs/edac36a7-5ff9-4da7-bad7-82c0c01acf7e/bd8f3efe-4f8f-4756-bc23-10a7d41490ca_648052307.jpeg?h=225&amp;w=225 4000w
                    "
                    alt="Sma Pro Follow-On Milk 6Mth+ 200Ml"
                /></picture></div
            ></a>
            <div class="product-details--wrapper">
              <h3>
                <a
                  href="/groceries/en-GB/products/305782724"
                  class="styled__Anchor-sc-1xbujuz-0 bmBCJq beans-link__anchor"
                  data-auto="product-tile--title"
                  ><span
                    class="styled__Text-sc-1xbujuz-1 ldbwMG beans-link__text"
                    >Sma Pro Follow-On Milk 6Mth+ 200Ml</span
                  ></a
                >
              </h3>
              <div class="styles__StyledProductDetailsContent-dvv1wj-5 ddRSrq">
                <a
                  href="/groceries/en-GB/reviews/submission/305782724?from=%2Fshop%2Fbaby%2Fall"
                  aria-label="Write a review for Sma Pro Follow-On Milk 6Mth+ 200Ml"
                  class="styled__Anchor-sc-1xbujuz-0 cFilde beans-link__anchor"
                  data-auto="review-link"
                  ><span
                    class="styled__Text-sc-1xbujuz-1 fyDIEo beans-link__text"
                    >Write a review</span
                  ><span
                    class="styled__IconContainer-sc-1xbujuz-2 bSauSL beans-link__icon-container"
                    ><svg
                      aria-hidden="true"
                      class="styled__SVG-xxa4wh-1 hQMCqc beans-link__icon beans-icon__svg"
                      height="13.33"
                      preserveAspectRatio="xMinYMax meet"
                      viewBox="-1 0 12 20"
                      width="8"
                      xmlns="http://www.w3.org/2000/svg"
                      color="currentColor"
                    >
                      <path
                        d="M1.312 1.348L10.276 10l-8.964 8.644"
                        fill="none"
                        stroke="currentColor"
                      ></path></svg></span
                ></a>
                <div>
                  <a
                    href="/groceries/en-GB/shop/baby/baby-and-toddler-milk/follow-on-baby-milk-from-6-months/follow-on-baby-milk-from-6-months"
                    class="styled__Anchor-sc-1xbujuz-0 cFilde beans-link__anchor"
                    ><span
                      class="styled__Text-sc-1xbujuz-1 fyDIEo beans-link__text"
                      >Rest of
                      <span class="visually-hidden"
                        >Follow On Baby Milk From 6 Months</span
                      >
                      shelf</span
                    ><span
                      class="styled__IconContainer-sc-1xbujuz-2 bSauSL beans-link__icon-container"
                      ><svg
                        aria-hidden="true"
                        class="styled__SVG-xxa4wh-1 hQMCqc beans-link__icon beans-icon__svg"
                        height="13.33"
                        preserveAspectRatio="xMinYMax meet"
                        viewBox="-1 0 12 20"
                        width="8"
                        xmlns="http://www.w3.org/2000/svg"
                        color="currentColor"
                      >
                        <path
                          d="M1.312 1.348L10.276 10l-8.964 8.644"
                          fill="none"
                          stroke="currentColor"
                        ></path></svg></span
                  ></a>
                </div>
                <div class="product-info-message-section">
                  <div class="product-info-message-list"></div>
                </div>
              </div>
              <div
                class="styles__StyledPromotionsWithBuyBoxWrapper-dvv1wj-8 cZskDh"
              >
                <div
                  class="styles__StyledPromotionsAboveMobile-dvv1wj-7 iPTMuo"
                >
                  <div
                    class="styles__StyledPromotionsWithClubcardPriceContainer-sc-1vdpoop-0 bsPFbn"
                  >
                    <div class="styles__StyledClubcardLogo-sc-1vdpoop-2 elOZEB">
                      <div
                        class="styles__Wrapper-sc-1d2phhy-0 hgBuQG undefined special-offer-sash"
                      >
                        <span class="styles__CircleWrapper-sc-1d2phhy-2 hCbzjm"
                          ><strong
                            class="styles__TextWrapper-sc-1d2phhy-1 bLXNGg"
                            >Clubcard Price</strong
                          ></span
                        >
                      </div>
                    </div>
                    <a href="/groceries/en-GB/promotions/88505349"
                      ><div
                        class="styles__ProductPromotionStyling-sc-1vdpoop-3 oqgZF"
                      >
                        <div
                          class="styles__StyledPromotionsOfferContent-sc-1vdpoop-1 cPSekc"
                        >
                          <span class="offer-text"
                            >Any 6 for £4.80 Clubcard Price - Selected Sma Pro
                            Liquids 200ml</span
                          >
                        </div>
                        <span class="dates"
                          >Offer valid for delivery from 18/05/2022 until
                          28/06/2022</span
                        >
                      </div></a
                    >
                  </div>
                </div>
                <div class="styles__StyledBuyBoxWrapper-dvv1wj-4 dSvjUC">
                  <div
                    class="styles__StyledBuyBoxContainer-sc-1wx0qp6-0 dAXuso"
                    data-auto="buybox-container"
                  >
                    <form
                      action="/groceries/en-GB/trolley/items/305782724?_method=PUT"
                      method="POST"
                      quantitytype="simple-quantity"
                      class="styles__SafeFormWrapper-jtpu2t-0 lcrYKS"
                    >
                      <input type="submit" class="hidden" /><input
                        name="id"
                        type="hidden"
                        value="305782724"
                      /><input
                        name="identifier"
                        type="hidden"
                        value="Page"
                      /><input
                        name="anchorId"
                        type="hidden"
                        value="#tile-305782724"
                      /><input
                        name="returnUrl"
                        type="hidden"
                        value="/groceries/en-GB/shop/baby/all#tile-305782724"
                      /><input name="backToUrl" type="hidden" value="#" /><input
                        name="oldValue"
                        type="hidden"
                        value="0"
                      /><input
                        name="oldUnitChoice"
                        type="hidden"
                        value="pcs"
                      /><input name="newUnitChoice" type="hidden" value="pcs" />
                      <div
                        class="base-components__RootElement-sc-1mosoyj-1 styled__Container-sc-6nhkzi-0 jptQqM hSNpTb beans-buybox__container"
                      >
                        <div
                          class="base-components__BaseElement-sc-1mosoyj-0 styled__PriceAndActions-sc-6nhkzi-3 oznwo eEPLov beans-buybox__price-and-actions"
                        >
                          <div
                            class="base-components__RootElement-sc-1mosoyj-1 styled__Container-sc-8qlq5b-0 jptQqM bgZrjw styled__StyledPrice-sc-6nhkzi-5 iYHeik beans-buybox__price beans-price__container"
                          >
                            <p
                              class="styled__StyledHeading-sc-119w3hf-2 jWPEtj styled__Text-sc-8qlq5b-1 lnaeiZ beans-price__text"
                            >
                              £0.95
                            </p>
                            <p
                              class="styled__StyledFootnote-sc-119w3hf-7 icrlVF styled__Subtext-sc-8qlq5b-2 bNJmdc beans-price__subtext"
                            >
                              £4.75/litre
                            </p>
                          </div>
                          <div
                            class="base-components__RootElement-sc-1mosoyj-1 styled__Container-vtxwzb-0 jptQqM bDFhXJ beans-buybox__actions beans-quantity-controls__container"
                          >
                            <div
                              class="base-components__RootElement-sc-1mosoyj-1 styled__Container-sc-16t2b2a-0 jptQqM PUfgZ styled__StyledFormGroup-vtxwzb-1 kzKuAr beans-quantity-controls__form-group beans-form-group__container"
                            >
                              <label
                                class="styled__StyledLabel-sc-1ttuvhr-0 bwxooU beans-form-group__label beans-label"
                                for="quantity-controls-305782724"
                                >Quantity controls
                              </label>
                              <div
                                class="base-components__BaseElement-sc-1mosoyj-0 styled__Children-sc-16t2b2a-3 oznwo gdJvjO beans-form-group__children"
                              >
                                <div
                                  class="styled__StyledQuantityControlWrapper-vtxwzb-6 LCxOg"
                                >
                                  <label
                                    id="quantity-controls-305782724-label"
                                    class="styled__VisuallyHiddenLabel-vtxwzb-7 gXlLiM"
                                    >add Sma Pro Follow-On Milk 6Mth+ 200Ml to
                                    basket</label
                                  ><input
                                    class="base-components__RootElement-sc-1mosoyj-1 styled__StyledInput-sc-1jd5f57-0 jptQqM hupFMH styled__StyledInput-vtxwzb-3 lwMHo beans-quantity-controls__input beans-input"
                                    data-auto="beans-quantity-controls-input"
                                    autocomplete="off"
                                    id="quantity-controls-305782724"
                                    maxlength="2"
                                    name="newValue"
                                    type="number"
                                    aria-labelledby="quantity-controls-305782724-label"
                                    value="1"
                                  />
                                </div>
                                <button
                                  class="styled__BaseButton-rsekm1-0 styled__PrimaryButton-rsekm1-2 jChbeY geeWOF styled__StyledButton-vtxwzb-5 japAxb beans-quantity-controls__add-button beans-button__container"
                                  type="submit"
                                  data-auto="beans-quantity-controls-add-button"
                                  aria-label="add Sma Pro Follow-On Milk 6Mth+ 200Ml to basket"
                                >
                                  <span
                                    class="base-components__BaseElement-sc-1mosoyj-0 styled__InnerContainer-rsekm1-1 oznwo fuFres beans-button__inner-container"
                                    ><span
                                      class="base-components__BaseElement-sc-1mosoyj-0 styled__TextSpan-rsekm1-4 oznwo GDiMp beans-button__text"
                                      >Add</span
                                    ></span
                                  >
                                </button>
                              </div>
                            </div>
                          </div>
                        </div>
                      </div>
                      <input
                        name="_csrf"
                        type="hidden"
                        value="F4ilyTJl-LvtqLgFsBkctxWaUBk6u5LvYpFM"
                      />
                    </form>
                  </div>
                </div>
              </div>
            </div>
            <div class="hidden-medium product-info-section-small">
              <div class="product-info-message-list"></div>
            </div>
          </div>
          <div class="styles__StyledPromotionsMobile-dvv1wj-6 Bxaeb">
            <div>
              <div
                class="styles__StyledPromotionsWithClubcardPriceContainer-sc-1vdpoop-0 bsPFbn"
              >
                <div class="styles__StyledClubcardLogo-sc-1vdpoop-2 elOZEB">
                  <div
                    class="styles__Wrapper-sc-1d2phhy-0 hgBuQG undefined special-offer-sash"
                  >
                    <span class="styles__CircleWrapper-sc-1d2phhy-2 hCbzjm"
                      ><strong class="styles__TextWrapper-sc-1d2phhy-1 bLXNGg"
                        >Clubcard Price</strong
                      ></span
                    >
                  </div>
                </div>
                <a href="/groceries/en-GB/promotions/88505349"
                  ><div
                    class="styles__ProductPromotionStyling-sc-1vdpoop-3 oqgZF"
                  >
                    <div
                      class="styles__StyledPromotionsOfferContent-sc-1vdpoop-1 cPSekc"
                    >
                      <span class="offer-text"
                        >Any 6 for £4.80 Clubcard Price - Selected Sma Pro
                        Liquids 200ml</span
                      >
                    </div>
                    <span class="dates"
                      >Offer valid for delivery from 18/05/2022 until
                      28/06/2022</span
                    >
                  </div></a
                >
              </div>
            </div>
          </div>
        </div>
      </div>
    </div>
  </li>
  <li class="product-list--list-item">
    <div class="styles__StyledVerticalTileWrapper-dvv1wj-0 dtCNPH">
      <div
        data-auto="product-tile"
        data-auto-type="Quantity"
        data-auto-available="true"
        data-auto-is-restricted-disabled="false"
        data-auto-is-substitute="false"
        class="styles__StyledVerticalTile-dvv1wj-1 hJqNin"
      >
        <div class="styles__StyledTileContentWrapper-dvv1wj-2 bkNhNP beans">
          <div
            id="tile-266275042"
            data-auto-id="266275042"
            class="styles__StyledTiledContent-dvv1wj-3 bcglTg"
          >
            <a
              href="/groceries/en-GB/products/266275042"
              aria-hidden="true"
              class="product-image-wrapper"
              tabindex="1"
              ><div class="product-image__container">
                <picture
                  ><img
                    class="styled__Image-sjvkdn-0 bJErKA product-image beans-responsive-image__image"
                    src="https://digitalcontent.api.tesco.com/v2/media/ghs/945485f4-4274-4d23-9149-23d9d7645888/d1014fc1-7bc4-4b22-974b-2acc0f615833_547777665.jpeg?h=225&amp;w=225"
                    srcset="
                      https://digitalcontent.api.tesco.com/v2/media/ghs/945485f4-4274-4d23-9149-23d9d7645888/d1014fc1-7bc4-4b22-974b-2acc0f615833_547777665.jpeg?h=225&amp;w=225  768w,
                      https://digitalcontent.api.tesco.com/v2/media/ghs/945485f4-4274-4d23-9149-23d9d7645888/d1014fc1-7bc4-4b22-974b-2acc0f615833_547777665.jpeg?h=225&amp;w=225 4000w
                    "
                    alt="Hipp Organic First Infant Milk 200Ml"
                /></picture></div
            ></a>
            <div class="product-details--wrapper">
              <h3>
                <a
                  href="/groceries/en-GB/products/266275042"
                  class="styled__Anchor-sc-1xbujuz-0 bmBCJq beans-link__anchor"
                  data-auto="product-tile--title"
                  ><span
                    class="styled__Text-sc-1xbujuz-1 ldbwMG beans-link__text"
                    >Hipp Organic First Infant Milk 200Ml</span
                  ></a
                >
              </h3>
              <div
                class="styles__StyledPromotionsAboveMobile-dvv1wj-7 iPTMuo"
              ></div>
              <div class="styles__StyledProductDetailsContent-dvv1wj-5 ddRSrq">
                <a
                  href="/groceries/en-GB/reviews/submission/266275042?from=%2Fshop%2Fbaby%2Fall"
                  aria-label="Write a review for Hipp Organic First Infant Milk 200Ml"
                  class="styled__Anchor-sc-1xbujuz-0 cFilde beans-link__anchor"
                  data-auto="review-link"
                  ><span
                    class="styled__Text-sc-1xbujuz-1 fyDIEo beans-link__text"
                    >Write a review</span
                  ><span
                    class="styled__IconContainer-sc-1xbujuz-2 bSauSL beans-link__icon-container"
                    ><svg
                      aria-hidden="true"
                      class="styled__SVG-xxa4wh-1 hQMCqc beans-link__icon beans-icon__svg"
                      height="13.33"
                      preserveAspectRatio="xMinYMax meet"
                      viewBox="-1 0 12 20"
                      width="8"
                      xmlns="http://www.w3.org/2000/svg"
                      color="currentColor"
                    >
                      <path
                        d="M1.312 1.348L10.276 10l-8.964 8.644"
                        fill="none"
                        stroke="currentColor"
                      ></path></svg></span
                ></a>
                <div>
                  <a
                    href="/groceries/en-GB/shop/baby/baby-and-toddler-milk/first-baby-milk-from-birth/first-baby-milk-from-birth"
                    class="styled__Anchor-sc-1xbujuz-0 cFilde beans-link__anchor"
                    ><span
                      class="styled__Text-sc-1xbujuz-1 fyDIEo beans-link__text"
                      >Rest of
                      <span class="visually-hidden"
                        >First Baby Milk from Birth</span
                      >
                      shelf</span
                    ><span
                      class="styled__IconContainer-sc-1xbujuz-2 bSauSL beans-link__icon-container"
                      ><svg
                        aria-hidden="true"
                        class="styled__SVG-xxa4wh-1 hQMCqc beans-link__icon beans-icon__svg"
                        height="13.33"
                        preserveAspectRatio="xMinYMax meet"
                        viewBox="-1 0 12 20"
                        width="8"
                        xmlns="http://www.w3.org/2000/svg"
                        color="currentColor"
                      >
                        <path
                          d="M1.312 1.348L10.276 10l-8.964 8.644"
                          fill="none"
                          stroke="currentColor"
                        ></path></svg></span
                  ></a>
                </div>
                <div class="product-info-message-section">
                  <div class="product-info-message-list"></div>
                </div>
              </div>
              <div class="styles__StyledBuyBoxWrapper-dvv1wj-4 dSvjUC">
                <div
                  class="styles__StyledBuyBoxContainer-sc-1wx0qp6-0 dAXuso"
                  data-auto="buybox-container"
                >
                  <form
                    action="/groceries/en-GB/trolley/items/266275042?_method=PUT"
                    method="POST"
                    quantitytype="simple-quantity"
                    class="styles__SafeFormWrapper-jtpu2t-0 lcrYKS"
                  >
                    <input type="submit" class="hidden" /><input
                      name="id"
                      type="hidden"
                      value="266275042"
                    /><input
                      name="identifier"
                      type="hidden"
                      value="Page"
                    /><input
                      name="anchorId"
                      type="hidden"
                      value="#tile-266275042"
                    /><input
                      name="returnUrl"
                      type="hidden"
                      value="/groceries/en-GB/shop/baby/all#tile-266275042"
                    /><input name="backToUrl" type="hidden" value="#" /><input
                      name="oldValue"
                      type="hidden"
                      value="0"
                    /><input
                      name="oldUnitChoice"
                      type="hidden"
                      value="pcs"
                    /><input name="newUnitChoice" type="hidden" value="pcs" />
                    <div
                      class="base-components__RootElement-sc-1mosoyj-1 styled__Container-sc-6nhkzi-0 jptQqM hSNpTb beans-buybox__container"
                    >
                      <div
                        class="base-components__BaseElement-sc-1mosoyj-0 styled__PriceAndActions-sc-6nhkzi-3 oznwo eEPLov beans-buybox__price-and-actions"
                      >
                        <div
                          class="base-components__RootElement-sc-1mosoyj-1 styled__Container-sc-8qlq5b-0 jptQqM bgZrjw styled__StyledPrice-sc-6nhkzi-5 iYHeik beans-buybox__price beans-price__container"
                        >
                          <p
                            class="styled__StyledHeading-sc-119w3hf-2 jWPEtj styled__Text-sc-8qlq5b-1 lnaeiZ beans-price__text"
                          >
                            £1.00
                          </p>
                          <p
                            class="styled__StyledFootnote-sc-119w3hf-7 icrlVF styled__Subtext-sc-8qlq5b-2 bNJmdc beans-price__subtext"
                          >
                            £5.00/litre
                          </p>
                        </div>
                        <div
                          class="base-components__RootElement-sc-1mosoyj-1 styled__Container-vtxwzb-0 jptQqM bDFhXJ beans-buybox__actions beans-quantity-controls__container"
                        >
                          <div
                            class="base-components__RootElement-sc-1mosoyj-1 styled__Container-sc-16t2b2a-0 jptQqM PUfgZ styled__StyledFormGroup-vtxwzb-1 kzKuAr beans-quantity-controls__form-group beans-form-group__container"
                          >
                            <label
                              class="styled__StyledLabel-sc-1ttuvhr-0 bwxooU beans-form-group__label beans-label"
                              for="quantity-controls-266275042"
                              >Quantity controls
                            </label>
                            <div
                              class="base-components__BaseElement-sc-1mosoyj-0 styled__Children-sc-16t2b2a-3 oznwo gdJvjO beans-form-group__children"
                            >
                              <div
                                class="styled__StyledQuantityControlWrapper-vtxwzb-6 LCxOg"
                              >
                                <label
                                  id="quantity-controls-266275042-label"
                                  class="styled__VisuallyHiddenLabel-vtxwzb-7 gXlLiM"
                                  >add Hipp Organic First Infant Milk 200Ml to
                                  basket</label
                                ><input
                                  class="base-components__RootElement-sc-1mosoyj-1 styled__StyledInput-sc-1jd5f57-0 jptQqM hupFMH styled__StyledInput-vtxwzb-3 lwMHo beans-quantity-controls__input beans-input"
                                  data-auto="beans-quantity-controls-input"
                                  autocomplete="off"
                                  id="quantity-controls-266275042"
                                  maxlength="2"
                                  name="newValue"
                                  type="number"
                                  aria-labelledby="quantity-controls-266275042-label"
                                  value="1"
                                />
                              </div>
                              <button
                                class="styled__BaseButton-rsekm1-0 styled__PrimaryButton-rsekm1-2 jChbeY geeWOF styled__StyledButton-vtxwzb-5 japAxb beans-quantity-controls__add-button beans-button__container"
                                type="submit"
                                data-auto="beans-quantity-controls-add-button"
                                aria-label="add Hipp Organic First Infant Milk 200Ml to basket"
                              >
                                <span
                                  class="base-components__BaseElement-sc-1mosoyj-0 styled__InnerContainer-rsekm1-1 oznwo fuFres beans-button__inner-container"
                                  ><span
                                    class="base-components__BaseElement-sc-1mosoyj-0 styled__TextSpan-rsekm1-4 oznwo GDiMp beans-button__text"
                                    >Add</span
                                  ></span
                                >
                              </button>
                            </div>
                          </div>
                        </div>
                      </div>
                    </div>
                    <input
                      name="_csrf"
                      type="hidden"
                      value="F4ilyTJl-LvtqLgFsBkctxWaUBk6u5LvYpFM"
                    />
                  </form>
                </div>
              </div>
            </div>
            <div class="hidden-medium product-info-section-small">
              <div class="product-info-message-list"></div>
            </div>
          </div>
        </div>
      </div>
    </div>
  </li>
  <li class="product-list--list-item">
    <div class="styles__StyledVerticalTileWrapper-dvv1wj-0 dtCNPH">
      <div
        data-auto="product-tile"
        data-auto-type="Quantity"
        data-auto-available="true"
        data-auto-is-restricted-disabled="false"
        data-auto-is-substitute="false"
        class="styles__StyledVerticalTile-dvv1wj-1 hJqNin"
      >
        <div class="styles__StyledTileContentWrapper-dvv1wj-2 bkNhNP beans">
          <div
            id="tile-305988493"
            data-auto-id="305988493"
            class="styles__StyledTiledContent-dvv1wj-3 bcglTg"
          >
            <a
              href="/groceries/en-GB/products/305988493"
              aria-hidden="true"
              class="product-image-wrapper"
              tabindex="1"
              ><div class="product-image__container">
                <picture
                  ><img
                    class="styled__Image-sjvkdn-0 bJErKA product-image beans-responsive-image__image"
                    src="https://digitalcontent.api.tesco.com/v2/media/ghs/2a4bfcaa-a19f-47e6-a4b1-fce9e7c51caf/770d3792-7d8e-44e5-84b9-e7ddabab121c_1797236887.jpeg?h=225&amp;w=225"
                    srcset="
                      https://digitalcontent.api.tesco.com/v2/media/ghs/2a4bfcaa-a19f-47e6-a4b1-fce9e7c51caf/770d3792-7d8e-44e5-84b9-e7ddabab121c_1797236887.jpeg?h=225&amp;w=225  768w,
                      https://digitalcontent.api.tesco.com/v2/media/ghs/2a4bfcaa-a19f-47e6-a4b1-fce9e7c51caf/770d3792-7d8e-44e5-84b9-e7ddabab121c_1797236887.jpeg?h=225&amp;w=225 4000w
                    "
                    alt="Kiddylicious Cheesy Veggie Straws 4X12g"
                /></picture></div
            ></a>
            <div class="product-details--wrapper">
              <h3>
                <a
                  href="/groceries/en-GB/products/305988493"
                  class="styled__Anchor-sc-1xbujuz-0 bmBCJq beans-link__anchor"
                  data-auto="product-tile--title"
                  ><span
                    class="styled__Text-sc-1xbujuz-1 ldbwMG beans-link__text"
                    >Kiddylicious Cheesy Veggie Straws 4X12g</span
                  ></a
                >
              </h3>
              <div
                class="styles__StyledPromotionsAboveMobile-dvv1wj-7 iPTMuo"
              ></div>
              <div class="styles__StyledProductDetailsContent-dvv1wj-5 ddRSrq">
                <a
                  href="/groceries/en-GB/reviews/submission/305988493?from=%2Fshop%2Fbaby%2Fall"
                  aria-label="Write a review for Kiddylicious Cheesy Veggie Straws 4X12g"
                  class="styled__Anchor-sc-1xbujuz-0 cFilde beans-link__anchor"
                  data-auto="review-link"
                  ><span
                    class="styled__Text-sc-1xbujuz-1 fyDIEo beans-link__text"
                    >Write a review</span
                  ><span
                    class="styled__IconContainer-sc-1xbujuz-2 bSauSL beans-link__icon-container"
                    ><svg
                      aria-hidden="true"
                      class="styled__SVG-xxa4wh-1 hQMCqc beans-link__icon beans-icon__svg"
                      height="13.33"
                      preserveAspectRatio="xMinYMax meet"
                      viewBox="-1 0 12 20"
                      width="8"
                      xmlns="http://www.w3.org/2000/svg"
                      color="currentColor"
                    >
                      <path
                        d="M1.312 1.348L10.276 10l-8.964 8.644"
                        fill="none"
                        stroke="currentColor"
                      ></path></svg></span
                ></a>
                <div>
                  <a
                    href="/groceries/en-GB/shop/baby/baby-and-toddler-food/baby-and-toddler-snacks/baby-and-toddler-snacks-puffs-and-crisps"
                    class="styled__Anchor-sc-1xbujuz-0 cFilde beans-link__anchor"
                    ><span
                      class="styled__Text-sc-1xbujuz-1 fyDIEo beans-link__text"
                      >Rest of
                      <span class="visually-hidden"
                        >Baby &amp; Toddler Snacks, Puffs &amp; Crisps</span
                      >
                      shelf</span
                    ><span
                      class="styled__IconContainer-sc-1xbujuz-2 bSauSL beans-link__icon-container"
                      ><svg
                        aria-hidden="true"
                        class="styled__SVG-xxa4wh-1 hQMCqc beans-link__icon beans-icon__svg"
                        height="13.33"
                        preserveAspectRatio="xMinYMax meet"
                        viewBox="-1 0 12 20"
                        width="8"
                        xmlns="http://www.w3.org/2000/svg"
                        color="currentColor"
                      >
                        <path
                          d="M1.312 1.348L10.276 10l-8.964 8.644"
                          fill="none"
                          stroke="currentColor"
                        ></path></svg></span
                  ></a>
                </div>
                <div class="product-info-message-section">
                  <div class="product-info-message-list"></div>
                </div>
              </div>
              <div class="styles__StyledBuyBoxWrapper-dvv1wj-4 dSvjUC">
                <div
                  class="styles__StyledBuyBoxContainer-sc-1wx0qp6-0 dAXuso"
                  data-auto="buybox-container"
                >
                  <form
                    action="/groceries/en-GB/trolley/items/305988493?_method=PUT"
                    method="POST"
                    quantitytype="simple-quantity"
                    class="styles__SafeFormWrapper-jtpu2t-0 lcrYKS"
                  >
                    <input type="submit" class="hidden" /><input
                      name="id"
                      type="hidden"
                      value="305988493"
                    /><input
                      name="identifier"
                      type="hidden"
                      value="Page"
                    /><input
                      name="anchorId"
                      type="hidden"
                      value="#tile-305988493"
                    /><input
                      name="returnUrl"
                      type="hidden"
                      value="/groceries/en-GB/shop/baby/all#tile-305988493"
                    /><input name="backToUrl" type="hidden" value="#" /><input
                      name="oldValue"
                      type="hidden"
                      value="0"
                    /><input
                      name="oldUnitChoice"
                      type="hidden"
                      value="pcs"
                    /><input name="newUnitChoice" type="hidden" value="pcs" />
                    <div
                      class="base-components__RootElement-sc-1mosoyj-1 styled__Container-sc-6nhkzi-0 jptQqM hSNpTb beans-buybox__container"
                    >
                      <div
                        class="base-components__BaseElement-sc-1mosoyj-0 styled__PriceAndActions-sc-6nhkzi-3 oznwo eEPLov beans-buybox__price-and-actions"
                      >
                        <div
                          class="base-components__RootElement-sc-1mosoyj-1 styled__Container-sc-8qlq5b-0 jptQqM bgZrjw styled__StyledPrice-sc-6nhkzi-5 iYHeik beans-buybox__price beans-price__container"
                        >
                          <p
                            class="styled__StyledHeading-sc-119w3hf-2 jWPEtj styled__Text-sc-8qlq5b-1 lnaeiZ beans-price__text"
                          >
                            £2.65
                          </p>
                          <p
                            class="styled__StyledFootnote-sc-119w3hf-7 icrlVF styled__Subtext-sc-8qlq5b-2 bNJmdc beans-price__subtext"
                          >
                            £5.53/100g
                          </p>
                        </div>
                        <div
                          class="base-components__RootElement-sc-1mosoyj-1 styled__Container-vtxwzb-0 jptQqM bDFhXJ beans-buybox__actions beans-quantity-controls__container"
                        >
                          <div
                            class="base-components__RootElement-sc-1mosoyj-1 styled__Container-sc-16t2b2a-0 jptQqM PUfgZ styled__StyledFormGroup-vtxwzb-1 kzKuAr beans-quantity-controls__form-group beans-form-group__container"
                          >
                            <label
                              class="styled__StyledLabel-sc-1ttuvhr-0 bwxooU beans-form-group__label beans-label"
                              for="quantity-controls-305988493"
                              >Quantity controls
                            </label>
                            <div
                              class="base-components__BaseElement-sc-1mosoyj-0 styled__Children-sc-16t2b2a-3 oznwo gdJvjO beans-form-group__children"
                            >
                              <div
                                class="styled__StyledQuantityControlWrapper-vtxwzb-6 LCxOg"
                              >
                                <label
                                  id="quantity-controls-305988493-label"
                                  class="styled__VisuallyHiddenLabel-vtxwzb-7 gXlLiM"
                                  >add Kiddylicious Cheesy Veggie Straws 4X12g
                                  to basket</label
                                ><input
                                  class="base-components__RootElement-sc-1mosoyj-1 styled__StyledInput-sc-1jd5f57-0 jptQqM hupFMH styled__StyledInput-vtxwzb-3 lwMHo beans-quantity-controls__input beans-input"
                                  data-auto="beans-quantity-controls-input"
                                  autocomplete="off"
                                  id="quantity-controls-305988493"
                                  maxlength="2"
                                  name="newValue"
                                  type="number"
                                  aria-labelledby="quantity-controls-305988493-label"
                                  value="1"
                                />
                              </div>
                              <button
                                class="styled__BaseButton-rsekm1-0 styled__PrimaryButton-rsekm1-2 jChbeY geeWOF styled__StyledButton-vtxwzb-5 japAxb beans-quantity-controls__add-button beans-button__container"
                                type="submit"
                                data-auto="beans-quantity-controls-add-button"
                                aria-label="add Kiddylicious Cheesy Veggie Straws 4X12g to basket"
                              >
                                <span
                                  class="base-components__BaseElement-sc-1mosoyj-0 styled__InnerContainer-rsekm1-1 oznwo fuFres beans-button__inner-container"
                                  ><span
                                    class="base-components__BaseElement-sc-1mosoyj-0 styled__TextSpan-rsekm1-4 oznwo GDiMp beans-button__text"
                                    >Add</span
                                  ></span
                                >
                              </button>
                            </div>
                          </div>
                        </div>
                      </div>
                    </div>
                    <input
                      name="_csrf"
                      type="hidden"
                      value="F4ilyTJl-LvtqLgFsBkctxWaUBk6u5LvYpFM"
                    />
                  </form>
                </div>
              </div>
            </div>
            <div class="hidden-medium product-info-section-small">
              <div class="product-info-message-list"></div>
            </div>
          </div>
        </div>
      </div>
    </div>
  </li>
  <li class="product-list--list-item">
    <div class="styles__StyledVerticalTileWrapper-dvv1wj-0 dtCNPH">
      <div
        data-auto="product-tile"
        data-auto-type="Quantity"
        data-auto-available="true"
        data-auto-is-restricted-disabled="false"
        data-auto-is-substitute="false"
        class="styles__StyledVerticalTile-dvv1wj-1 hJqNin"
      >
        <div class="styles__StyledTileContentWrapper-dvv1wj-2 bkNhNP beans">
          <div
            id="tile-263419362"
            data-auto-id="263419362"
            class="styles__StyledTiledContent-dvv1wj-3 bcglTg"
          >
            <a
              href="/groceries/en-GB/products/263419362"
              aria-hidden="true"
              class="product-image-wrapper"
              tabindex="1"
              ><div class="product-image__container">
                <picture
                  ><img
                    class="styled__Image-sjvkdn-0 bJErKA product-image beans-responsive-image__image"
                    src="https://digitalcontent.api.tesco.com/v2/media/ghs/cc64941c-79f9-4506-bf0e-36b7652d604c/67848210-4099-4948-9647-0e0ecc756596_975469077.jpeg?h=225&amp;w=225"
                    srcset="
                      https://digitalcontent.api.tesco.com/v2/media/ghs/cc64941c-79f9-4506-bf0e-36b7652d604c/67848210-4099-4948-9647-0e0ecc756596_975469077.jpeg?h=225&amp;w=225  768w,
                      https://digitalcontent.api.tesco.com/v2/media/ghs/cc64941c-79f9-4506-bf0e-36b7652d604c/67848210-4099-4948-9647-0e0ecc756596_975469077.jpeg?h=225&amp;w=225 4000w
                    "
                    alt="Ella's Kitchen Strawberries Plus Apples 120G"
                /></picture></div
            ></a>
            <div class="product-details--wrapper">
              <h3>
                <a
                  href="/groceries/en-GB/products/263419362"
                  class="styled__Anchor-sc-1xbujuz-0 bmBCJq beans-link__anchor"
                  data-auto="product-tile--title"
                  ><span
                    class="styled__Text-sc-1xbujuz-1 ldbwMG beans-link__text"
                    >Ella's Kitchen Strawberries Plus Apples 120G</span
                  ></a
                >
              </h3>
              <div
                class="styles__StyledPromotionsAboveMobile-dvv1wj-7 iPTMuo"
              ></div>
              <div class="styles__StyledProductDetailsContent-dvv1wj-5 ddRSrq">
                <a
                  href="/groceries/en-GB/reviews/submission/263419362?from=%2Fshop%2Fbaby%2Fall"
                  aria-label="Write a review for Ella's Kitchen Strawberries Plus Apples 120G"
                  class="styled__Anchor-sc-1xbujuz-0 cFilde beans-link__anchor"
                  data-auto="review-link"
                  ><span
                    class="styled__Text-sc-1xbujuz-1 fyDIEo beans-link__text"
                    >Write a review</span
                  ><span
                    class="styled__IconContainer-sc-1xbujuz-2 bSauSL beans-link__icon-container"
                    ><svg
                      aria-hidden="true"
                      class="styled__SVG-xxa4wh-1 hQMCqc beans-link__icon beans-icon__svg"
                      height="13.33"
                      preserveAspectRatio="xMinYMax meet"
                      viewBox="-1 0 12 20"
                      width="8"
                      xmlns="http://www.w3.org/2000/svg"
                      color="currentColor"
                    >
                      <path
                        d="M1.312 1.348L10.276 10l-8.964 8.644"
                        fill="none"
                        stroke="currentColor"
                      ></path></svg></span
                ></a>
                <div>
                  <a
                    href="/groceries/en-GB/shop/baby/baby-and-toddler-food/stage-1-(4-6+-months)/baby-and-toddler-pouch-meals-stage-1"
                    class="styled__Anchor-sc-1xbujuz-0 cFilde beans-link__anchor"
                    ><span
                      class="styled__Text-sc-1xbujuz-1 fyDIEo beans-link__text"
                      >Rest of
                      <span class="visually-hidden"
                        >Baby &amp; Toddler Pouch Meals, Stage 1</span
                      >
                      shelf</span
                    ><span
                      class="styled__IconContainer-sc-1xbujuz-2 bSauSL beans-link__icon-container"
                      ><svg
                        aria-hidden="true"
                        class="styled__SVG-xxa4wh-1 hQMCqc beans-link__icon beans-icon__svg"
                        height="13.33"
                        preserveAspectRatio="xMinYMax meet"
                        viewBox="-1 0 12 20"
                        width="8"
                        xmlns="http://www.w3.org/2000/svg"
                        color="currentColor"
                      >
                        <path
                          d="M1.312 1.348L10.276 10l-8.964 8.644"
                          fill="none"
                          stroke="currentColor"
                        ></path></svg></span
                  ></a>
                </div>
                <div class="product-info-message-section">
                  <div class="product-info-message-list"></div>
                </div>
              </div>
              <div class="styles__StyledBuyBoxWrapper-dvv1wj-4 dSvjUC">
                <div
                  class="styles__StyledBuyBoxContainer-sc-1wx0qp6-0 dAXuso"
                  data-auto="buybox-container"
                >
                  <form
                    action="/groceries/en-GB/trolley/items/263419362?_method=PUT"
                    method="POST"
                    quantitytype="simple-quantity"
                    class="styles__SafeFormWrapper-jtpu2t-0 lcrYKS"
                  >
                    <input type="submit" class="hidden" /><input
                      name="id"
                      type="hidden"
                      value="263419362"
                    /><input
                      name="identifier"
                      type="hidden"
                      value="Page"
                    /><input
                      name="anchorId"
                      type="hidden"
                      value="#tile-263419362"
                    /><input
                      name="returnUrl"
                      type="hidden"
                      value="/groceries/en-GB/shop/baby/all#tile-263419362"
                    /><input name="backToUrl" type="hidden" value="#" /><input
                      name="oldValue"
                      type="hidden"
                      value="0"
                    /><input
                      name="oldUnitChoice"
                      type="hidden"
                      value="pcs"
                    /><input name="newUnitChoice" type="hidden" value="pcs" />
                    <div
                      class="base-components__RootElement-sc-1mosoyj-1 styled__Container-sc-6nhkzi-0 jptQqM hSNpTb beans-buybox__container"
                    >
                      <div
                        class="base-components__BaseElement-sc-1mosoyj-0 styled__PriceAndActions-sc-6nhkzi-3 oznwo eEPLov beans-buybox__price-and-actions"
                      >
                        <div
                          class="base-components__RootElement-sc-1mosoyj-1 styled__Container-sc-8qlq5b-0 jptQqM bgZrjw styled__StyledPrice-sc-6nhkzi-5 iYHeik beans-buybox__price beans-price__container"
                        >
                          <p
                            class="styled__StyledHeading-sc-119w3hf-2 jWPEtj styled__Text-sc-8qlq5b-1 lnaeiZ beans-price__text"
                          >
                            £1.20
                          </p>
                          <p
                            class="styled__StyledFootnote-sc-119w3hf-7 icrlVF styled__Subtext-sc-8qlq5b-2 bNJmdc beans-price__subtext"
                          >
                            £1.00/100g
                          </p>
                        </div>
                        <div
                          class="base-components__RootElement-sc-1mosoyj-1 styled__Container-vtxwzb-0 jptQqM bDFhXJ beans-buybox__actions beans-quantity-controls__container"
                        >
                          <div
                            class="base-components__RootElement-sc-1mosoyj-1 styled__Container-sc-16t2b2a-0 jptQqM PUfgZ styled__StyledFormGroup-vtxwzb-1 kzKuAr beans-quantity-controls__form-group beans-form-group__container"
                          >
                            <label
                              class="styled__StyledLabel-sc-1ttuvhr-0 bwxooU beans-form-group__label beans-label"
                              for="quantity-controls-263419362"
                              >Quantity controls
                            </label>
                            <div
                              class="base-components__BaseElement-sc-1mosoyj-0 styled__Children-sc-16t2b2a-3 oznwo gdJvjO beans-form-group__children"
                            >
                              <div
                                class="styled__StyledQuantityControlWrapper-vtxwzb-6 LCxOg"
                              >
                                <label
                                  id="quantity-controls-263419362-label"
                                  class="styled__VisuallyHiddenLabel-vtxwzb-7 gXlLiM"
                                  >add Ella's Kitchen Strawberries Plus Apples
                                  120G to basket</label
                                ><input
                                  class="base-components__RootElement-sc-1mosoyj-1 styled__StyledInput-sc-1jd5f57-0 jptQqM hupFMH styled__StyledInput-vtxwzb-3 lwMHo beans-quantity-controls__input beans-input"
                                  data-auto="beans-quantity-controls-input"
                                  autocomplete="off"
                                  id="quantity-controls-263419362"
                                  maxlength="2"
                                  name="newValue"
                                  type="number"
                                  aria-labelledby="quantity-controls-263419362-label"
                                  value="1"
                                />
                              </div>
                              <button
                                class="styled__BaseButton-rsekm1-0 styled__PrimaryButton-rsekm1-2 jChbeY geeWOF styled__StyledButton-vtxwzb-5 japAxb beans-quantity-controls__add-button beans-button__container"
                                type="submit"
                                data-auto="beans-quantity-controls-add-button"
                                aria-label="add Ella's Kitchen Strawberries Plus Apples 120G to basket"
                              >
                                <span
                                  class="base-components__BaseElement-sc-1mosoyj-0 styled__InnerContainer-rsekm1-1 oznwo fuFres beans-button__inner-container"
                                  ><span
                                    class="base-components__BaseElement-sc-1mosoyj-0 styled__TextSpan-rsekm1-4 oznwo GDiMp beans-button__text"
                                    >Add</span
                                  ></span
                                >
                              </button>
                            </div>
                          </div>
                        </div>
                      </div>
                    </div>
                    <input
                      name="_csrf"
                      type="hidden"
                      value="F4ilyTJl-LvtqLgFsBkctxWaUBk6u5LvYpFM"
                    />
                  </form>
                </div>
              </div>
            </div>
            <div class="hidden-medium product-info-section-small">
              <div class="product-info-message-list"></div>
            </div>
          </div>
        </div>
      </div>
    </div>
  </li>
  <li class="product-list--list-item">
    <div class="styles__StyledVerticalTileWrapper-dvv1wj-0 dtCNPH">
      <div
        data-auto="product-tile"
        data-auto-type="Quantity"
        data-auto-available="true"
        data-auto-is-restricted-disabled="false"
        data-auto-is-substitute="false"
        class="styles__StyledVerticalTile-dvv1wj-1 hJqNin"
      >
        <div class="styles__StyledTileContentWrapper-dvv1wj-2 bkNhNP beans">
          <div
            id="tile-278234919"
            data-auto-id="278234919"
            class="styles__StyledTiledContent-dvv1wj-3 bcglTg"
          >
            <a
              href="/groceries/en-GB/products/278234919"
              aria-hidden="true"
              class="product-image-wrapper"
              tabindex="1"
              ><div class="product-image__container">
                <picture
                  ><img
                    class="styled__Image-sjvkdn-0 bJErKA product-image beans-responsive-image__image"
                    src="https://digitalcontent.api.tesco.com/v2/media/ghs/3eb2f732-d18b-4ae2-9080-11a229182dee/8d38bc29-8e25-4483-9bc3-19cf8d0906c0_858518247.jpeg?h=225&amp;w=225"
                    srcset="
                      https://digitalcontent.api.tesco.com/v2/media/ghs/3eb2f732-d18b-4ae2-9080-11a229182dee/8d38bc29-8e25-4483-9bc3-19cf8d0906c0_858518247.jpeg?h=225&amp;w=225  768w,
                      https://digitalcontent.api.tesco.com/v2/media/ghs/3eb2f732-d18b-4ae2-9080-11a229182dee/8d38bc29-8e25-4483-9bc3-19cf8d0906c0_858518247.jpeg?h=225&amp;w=225 4000w
                    "
                    alt="Heinz Fruit Pouch Strawberry Raspberry &amp; Banana 100G"
                /></picture></div
            ></a>
            <div class="product-details--wrapper">
              <h3>
                <a
                  href="/groceries/en-GB/products/278234919"
                  class="styled__Anchor-sc-1xbujuz-0 bmBCJq beans-link__anchor"
                  data-auto="product-tile--title"
                  ><span
                    class="styled__Text-sc-1xbujuz-1 ldbwMG beans-link__text"
                    >Heinz Fruit Pouch Strawberry Raspberry &amp; Banana
                    100G</span
                  ></a
                >
              </h3>
              <div class="styles__StyledProductDetailsContent-dvv1wj-5 ddRSrq">
                <a
                  href="/groceries/en-GB/reviews/submission/278234919?from=%2Fshop%2Fbaby%2Fall"
                  aria-label="Write a review for Heinz Fruit Pouch Strawberry Raspberry &amp; Banana 100G"
                  class="styled__Anchor-sc-1xbujuz-0 cFilde beans-link__anchor"
                  data-auto="review-link"
                  ><span
                    class="styled__Text-sc-1xbujuz-1 fyDIEo beans-link__text"
                    >Write a review</span
                  ><span
                    class="styled__IconContainer-sc-1xbujuz-2 bSauSL beans-link__icon-container"
                    ><svg
                      aria-hidden="true"
                      class="styled__SVG-xxa4wh-1 hQMCqc beans-link__icon beans-icon__svg"
                      height="13.33"
                      preserveAspectRatio="xMinYMax meet"
                      viewBox="-1 0 12 20"
                      width="8"
                      xmlns="http://www.w3.org/2000/svg"
                      color="currentColor"
                    >
                      <path
                        d="M1.312 1.348L10.276 10l-8.964 8.644"
                        fill="none"
                        stroke="currentColor"
                      ></path></svg></span
                ></a>
                <div>
                  <a
                    href="/groceries/en-GB/shop/baby/baby-and-toddler-food/stage-1-(4-6+-months)/baby-and-toddler-pouch-meals-stage-1"
                    class="styled__Anchor-sc-1xbujuz-0 cFilde beans-link__anchor"
                    ><span
                      class="styled__Text-sc-1xbujuz-1 fyDIEo beans-link__text"
                      >Rest of
                      <span class="visually-hidden"
                        >Baby &amp; Toddler Pouch Meals, Stage 1</span
                      >
                      shelf</span
                    ><span
                      class="styled__IconContainer-sc-1xbujuz-2 bSauSL beans-link__icon-container"
                      ><svg
                        aria-hidden="true"
                        class="styled__SVG-xxa4wh-1 hQMCqc beans-link__icon beans-icon__svg"
                        height="13.33"
                        preserveAspectRatio="xMinYMax meet"
                        viewBox="-1 0 12 20"
                        width="8"
                        xmlns="http://www.w3.org/2000/svg"
                        color="currentColor"
                      >
                        <path
                          d="M1.312 1.348L10.276 10l-8.964 8.644"
                          fill="none"
                          stroke="currentColor"
                        ></path></svg></span
                  ></a>
                </div>
                <div class="product-info-message-section">
                  <div class="product-info-message-list"></div>
                </div>
              </div>
              <div
                class="styles__StyledPromotionsWithBuyBoxWrapper-dvv1wj-8 cZskDh"
              >
                <div
                  class="styles__StyledPromotionsAboveMobile-dvv1wj-7 iPTMuo"
                >
                  <div
                    class="styles__StyledPromotionsWithClubcardPriceContainer-sc-1vdpoop-0 bsPFbn"
                  >
                    <div class="styles__StyledClubcardLogo-sc-1vdpoop-2 elOZEB">
                      <div
                        class="styles__Wrapper-sc-1d2phhy-0 hgBuQG undefined special-offer-sash"
                      >
                        <span class="styles__CircleWrapper-sc-1d2phhy-2 hCbzjm"
                          ><strong
                            class="styles__TextWrapper-sc-1d2phhy-1 bLXNGg"
                            >Clubcard Price</strong
                          ></span
                        >
                      </div>
                    </div>
                    <a href="/groceries/en-GB/promotions/88500922"
                      ><div
                        class="styles__ProductPromotionStyling-sc-1vdpoop-3 oqgZF"
                      >
                        <div
                          class="styles__StyledPromotionsOfferContent-sc-1vdpoop-1 cPSekc"
                        >
                          <span class="offer-text"
                            >Any 6 for £5 Clubcard Price - Selected Heinz Fruit
                            Pouches 100g</span
                          >
                        </div>
                        <span class="dates"
                          >Offer valid for delivery from 18/05/2022 until
                          28/06/2022</span
                        >
                      </div></a
                    >
                  </div>
                </div>
                <div class="styles__StyledBuyBoxWrapper-dvv1wj-4 dSvjUC">
                  <div
                    class="styles__StyledBuyBoxContainer-sc-1wx0qp6-0 dAXuso"
                    data-auto="buybox-container"
                  >
                    <form
                      action="/groceries/en-GB/trolley/items/278234919?_method=PUT"
                      method="POST"
                      quantitytype="simple-quantity"
                      class="styles__SafeFormWrapper-jtpu2t-0 lcrYKS"
                    >
                      <input type="submit" class="hidden" /><input
                        name="id"
                        type="hidden"
                        value="278234919"
                      /><input
                        name="identifier"
                        type="hidden"
                        value="Page"
                      /><input
                        name="anchorId"
                        type="hidden"
                        value="#tile-278234919"
                      /><input
                        name="returnUrl"
                        type="hidden"
                        value="/groceries/en-GB/shop/baby/all#tile-278234919"
                      /><input name="backToUrl" type="hidden" value="#" /><input
                        name="oldValue"
                        type="hidden"
                        value="0"
                      /><input
                        name="oldUnitChoice"
                        type="hidden"
                        value="pcs"
                      /><input name="newUnitChoice" type="hidden" value="pcs" />
                      <div
                        class="base-components__RootElement-sc-1mosoyj-1 styled__Container-sc-6nhkzi-0 jptQqM hSNpTb beans-buybox__container"
                      >
                        <div
                          class="base-components__BaseElement-sc-1mosoyj-0 styled__PriceAndActions-sc-6nhkzi-3 oznwo eEPLov beans-buybox__price-and-actions"
                        >
                          <div
                            class="base-components__RootElement-sc-1mosoyj-1 styled__Container-sc-8qlq5b-0 jptQqM bgZrjw styled__StyledPrice-sc-6nhkzi-5 iYHeik beans-buybox__price beans-price__container"
                          >
                            <p
                              class="styled__StyledHeading-sc-119w3hf-2 jWPEtj styled__Text-sc-8qlq5b-1 lnaeiZ beans-price__text"
                            >
                              £1.00
                            </p>
                            <p
                              class="styled__StyledFootnote-sc-119w3hf-7 icrlVF styled__Subtext-sc-8qlq5b-2 bNJmdc beans-price__subtext"
                            >
                              £1.00/100g
                            </p>
                          </div>
                          <div
                            class="base-components__RootElement-sc-1mosoyj-1 styled__Container-vtxwzb-0 jptQqM bDFhXJ beans-buybox__actions beans-quantity-controls__container"
                          >
                            <div
                              class="base-components__RootElement-sc-1mosoyj-1 styled__Container-sc-16t2b2a-0 jptQqM PUfgZ styled__StyledFormGroup-vtxwzb-1 kzKuAr beans-quantity-controls__form-group beans-form-group__container"
                            >
                              <label
                                class="styled__StyledLabel-sc-1ttuvhr-0 bwxooU beans-form-group__label beans-label"
                                for="quantity-controls-278234919"
                                >Quantity controls
                              </label>
                              <div
                                class="base-components__BaseElement-sc-1mosoyj-0 styled__Children-sc-16t2b2a-3 oznwo gdJvjO beans-form-group__children"
                              >
                                <div
                                  class="styled__StyledQuantityControlWrapper-vtxwzb-6 LCxOg"
                                >
                                  <label
                                    id="quantity-controls-278234919-label"
                                    class="styled__VisuallyHiddenLabel-vtxwzb-7 gXlLiM"
                                    >add Heinz Fruit Pouch Strawberry Raspberry
                                    &amp; Banana 100G to basket</label
                                  ><input
                                    class="base-components__RootElement-sc-1mosoyj-1 styled__StyledInput-sc-1jd5f57-0 jptQqM hupFMH styled__StyledInput-vtxwzb-3 lwMHo beans-quantity-controls__input beans-input"
                                    data-auto="beans-quantity-controls-input"
                                    autocomplete="off"
                                    id="quantity-controls-278234919"
                                    maxlength="2"
                                    name="newValue"
                                    type="number"
                                    aria-labelledby="quantity-controls-278234919-label"
                                    value="1"
                                  />
                                </div>
                                <button
                                  class="styled__BaseButton-rsekm1-0 styled__PrimaryButton-rsekm1-2 jChbeY geeWOF styled__StyledButton-vtxwzb-5 japAxb beans-quantity-controls__add-button beans-button__container"
                                  type="submit"
                                  data-auto="beans-quantity-controls-add-button"
                                  aria-label="add Heinz Fruit Pouch Strawberry Raspberry &amp; Banana 100G to basket"
                                >
                                  <span
                                    class="base-components__BaseElement-sc-1mosoyj-0 styled__InnerContainer-rsekm1-1 oznwo fuFres beans-button__inner-container"
                                    ><span
                                      class="base-components__BaseElement-sc-1mosoyj-0 styled__TextSpan-rsekm1-4 oznwo GDiMp beans-button__text"
                                      >Add</span
                                    ></span
                                  >
                                </button>
                              </div>
                            </div>
                          </div>
                        </div>
                      </div>
                      <input
                        name="_csrf"
                        type="hidden"
                        value="F4ilyTJl-LvtqLgFsBkctxWaUBk6u5LvYpFM"
                      />
                    </form>
                  </div>
                </div>
              </div>
            </div>
            <div class="hidden-medium product-info-section-small">
              <div class="product-info-message-list"></div>
            </div>
          </div>
          <div class="styles__StyledPromotionsMobile-dvv1wj-6 Bxaeb">
            <div>
              <div
                class="styles__StyledPromotionsWithClubcardPriceContainer-sc-1vdpoop-0 bsPFbn"
              >
                <div class="styles__StyledClubcardLogo-sc-1vdpoop-2 elOZEB">
                  <div
                    class="styles__Wrapper-sc-1d2phhy-0 hgBuQG undefined special-offer-sash"
                  >
                    <span class="styles__CircleWrapper-sc-1d2phhy-2 hCbzjm"
                      ><strong class="styles__TextWrapper-sc-1d2phhy-1 bLXNGg"
                        >Clubcard Price</strong
                      ></span
                    >
                  </div>
                </div>
                <a href="/groceries/en-GB/promotions/88500922"
                  ><div
                    class="styles__ProductPromotionStyling-sc-1vdpoop-3 oqgZF"
                  >
                    <div
                      class="styles__StyledPromotionsOfferContent-sc-1vdpoop-1 cPSekc"
                    >
                      <span class="offer-text"
                        >Any 6 for £5 Clubcard Price - Selected Heinz Fruit
                        Pouches 100g</span
                      >
                    </div>
                    <span class="dates"
                      >Offer valid for delivery from 18/05/2022 until
                      28/06/2022</span
                    >
                  </div></a
                >
              </div>
            </div>
          </div>
        </div>
      </div>
    </div>
  </li>
  <li class="product-list--list-item">
    <div class="styles__StyledVerticalTileWrapper-dvv1wj-0 dtCNPH">
      <div
        data-auto="product-tile"
        data-auto-type="Quantity"
        data-auto-available="true"
        data-auto-is-restricted-disabled="false"
        data-auto-is-substitute="false"
        class="styles__StyledVerticalTile-dvv1wj-1 hJqNin"
      >
        <div class="styles__StyledTileContentWrapper-dvv1wj-2 bkNhNP beans">
          <div
            id="tile-264772316"
            data-auto-id="264772316"
            class="styles__StyledTiledContent-dvv1wj-3 bcglTg"
          >
            <a
              href="/groceries/en-GB/products/264772316"
              aria-hidden="true"
              class="product-image-wrapper"
              tabindex="1"
              ><div class="product-image__container">
                <picture
                  ><img
                    class="styled__Image-sjvkdn-0 bJErKA product-image beans-responsive-image__image"
                    src="https://digitalcontent.api.tesco.com/v2/media/ghs/abf7ba7e-b6d8-4955-b71c-38a7fc16cd25/8443524b-40ca-4462-8745-d93fbcb97e31_1091853406.jpeg?h=225&amp;w=225"
                    srcset="
                      https://digitalcontent.api.tesco.com/v2/media/ghs/abf7ba7e-b6d8-4955-b71c-38a7fc16cd25/8443524b-40ca-4462-8745-d93fbcb97e31_1091853406.jpeg?h=225&amp;w=225  768w,
                      https://digitalcontent.api.tesco.com/v2/media/ghs/abf7ba7e-b6d8-4955-b71c-38a7fc16cd25/8443524b-40ca-4462-8745-d93fbcb97e31_1091853406.jpeg?h=225&amp;w=225 4000w
                    "
                    alt="Ella's Kitchen Organic Banana Baby Brekkie 100G"
                /></picture></div
            ></a>
            <div class="product-details--wrapper">
              <h3>
                <a
                  href="/groceries/en-GB/products/264772316"
                  class="styled__Anchor-sc-1xbujuz-0 bmBCJq beans-link__anchor"
                  data-auto="product-tile--title"
                  ><span
                    class="styled__Text-sc-1xbujuz-1 ldbwMG beans-link__text"
                    >Ella's Kitchen Organic Banana Baby Brekkie 100G</span
                  ></a
                >
              </h3>
              <div
                class="styles__StyledPromotionsAboveMobile-dvv1wj-7 iPTMuo"
              ></div>
              <div class="styles__StyledProductDetailsContent-dvv1wj-5 ddRSrq">
                <a
                  href="/groceries/en-GB/reviews/submission/264772316?from=%2Fshop%2Fbaby%2Fall"
                  aria-label="Write a review for Ella's Kitchen Organic Banana Baby Brekkie 100G"
                  class="styled__Anchor-sc-1xbujuz-0 cFilde beans-link__anchor"
                  data-auto="review-link"
                  ><span
                    class="styled__Text-sc-1xbujuz-1 fyDIEo beans-link__text"
                    >Write a review</span
                  ><span
                    class="styled__IconContainer-sc-1xbujuz-2 bSauSL beans-link__icon-container"
                    ><svg
                      aria-hidden="true"
                      class="styled__SVG-xxa4wh-1 hQMCqc beans-link__icon beans-icon__svg"
                      height="13.33"
                      preserveAspectRatio="xMinYMax meet"
                      viewBox="-1 0 12 20"
                      width="8"
                      xmlns="http://www.w3.org/2000/svg"
                      color="currentColor"
                    >
                      <path
                        d="M1.312 1.348L10.276 10l-8.964 8.644"
                        fill="none"
                        stroke="currentColor"
                      ></path></svg></span
                ></a>
                <div>
                  <a
                    href="/groceries/en-GB/shop/baby/baby-and-toddler-food/stage-1-(4-6+-months)/baby-and-toddler-pouch-meals-stage-1"
                    class="styled__Anchor-sc-1xbujuz-0 cFilde beans-link__anchor"
                    ><span
                      class="styled__Text-sc-1xbujuz-1 fyDIEo beans-link__text"
                      >Rest of
                      <span class="visually-hidden"
                        >Baby &amp; Toddler Pouch Meals, Stage 1</span
                      >
                      shelf</span
                    ><span
                      class="styled__IconContainer-sc-1xbujuz-2 bSauSL beans-link__icon-container"
                      ><svg
                        aria-hidden="true"
                        class="styled__SVG-xxa4wh-1 hQMCqc beans-link__icon beans-icon__svg"
                        height="13.33"
                        preserveAspectRatio="xMinYMax meet"
                        viewBox="-1 0 12 20"
                        width="8"
                        xmlns="http://www.w3.org/2000/svg"
                        color="currentColor"
                      >
                        <path
                          d="M1.312 1.348L10.276 10l-8.964 8.644"
                          fill="none"
                          stroke="currentColor"
                        ></path></svg></span
                  ></a>
                </div>
                <div class="product-info-message-section">
                  <div class="product-info-message-list"></div>
                </div>
              </div>
              <div class="styles__StyledBuyBoxWrapper-dvv1wj-4 dSvjUC">
                <div
                  class="styles__StyledBuyBoxContainer-sc-1wx0qp6-0 dAXuso"
                  data-auto="buybox-container"
                >
                  <form
                    action="/groceries/en-GB/trolley/items/264772316?_method=PUT"
                    method="POST"
                    quantitytype="simple-quantity"
                    class="styles__SafeFormWrapper-jtpu2t-0 lcrYKS"
                  >
                    <input type="submit" class="hidden" /><input
                      name="id"
                      type="hidden"
                      value="264772316"
                    /><input
                      name="identifier"
                      type="hidden"
                      value="Page"
                    /><input
                      name="anchorId"
                      type="hidden"
                      value="#tile-264772316"
                    /><input
                      name="returnUrl"
                      type="hidden"
                      value="/groceries/en-GB/shop/baby/all#tile-264772316"
                    /><input name="backToUrl" type="hidden" value="#" /><input
                      name="oldValue"
                      type="hidden"
                      value="0"
                    /><input
                      name="oldUnitChoice"
                      type="hidden"
                      value="pcs"
                    /><input name="newUnitChoice" type="hidden" value="pcs" />
                    <div
                      class="base-components__RootElement-sc-1mosoyj-1 styled__Container-sc-6nhkzi-0 jptQqM hSNpTb beans-buybox__container"
                    >
                      <div
                        class="base-components__BaseElement-sc-1mosoyj-0 styled__PriceAndActions-sc-6nhkzi-3 oznwo eEPLov beans-buybox__price-and-actions"
                      >
                        <div
                          class="base-components__RootElement-sc-1mosoyj-1 styled__Container-sc-8qlq5b-0 jptQqM bgZrjw styled__StyledPrice-sc-6nhkzi-5 iYHeik beans-buybox__price beans-price__container"
                        >
                          <p
                            class="styled__StyledHeading-sc-119w3hf-2 jWPEtj styled__Text-sc-8qlq5b-1 lnaeiZ beans-price__text"
                          >
                            £1.15
                          </p>
                          <p
                            class="styled__StyledFootnote-sc-119w3hf-7 icrlVF styled__Subtext-sc-8qlq5b-2 bNJmdc beans-price__subtext"
                          >
                            £1.15/100g
                          </p>
                        </div>
                        <div
                          class="base-components__RootElement-sc-1mosoyj-1 styled__Container-vtxwzb-0 jptQqM bDFhXJ beans-buybox__actions beans-quantity-controls__container"
                        >
                          <div
                            class="base-components__RootElement-sc-1mosoyj-1 styled__Container-sc-16t2b2a-0 jptQqM PUfgZ styled__StyledFormGroup-vtxwzb-1 kzKuAr beans-quantity-controls__form-group beans-form-group__container"
                          >
                            <label
                              class="styled__StyledLabel-sc-1ttuvhr-0 bwxooU beans-form-group__label beans-label"
                              for="quantity-controls-264772316"
                              >Quantity controls
                            </label>
                            <div
                              class="base-components__BaseElement-sc-1mosoyj-0 styled__Children-sc-16t2b2a-3 oznwo gdJvjO beans-form-group__children"
                            >
                              <div
                                class="styled__StyledQuantityControlWrapper-vtxwzb-6 LCxOg"
                              >
                                <label
                                  id="quantity-controls-264772316-label"
                                  class="styled__VisuallyHiddenLabel-vtxwzb-7 gXlLiM"
                                  >add Ella's Kitchen Organic Banana Baby
                                  Brekkie 100G to basket</label
                                ><input
                                  class="base-components__RootElement-sc-1mosoyj-1 styled__StyledInput-sc-1jd5f57-0 jptQqM hupFMH styled__StyledInput-vtxwzb-3 lwMHo beans-quantity-controls__input beans-input"
                                  data-auto="beans-quantity-controls-input"
                                  autocomplete="off"
                                  id="quantity-controls-264772316"
                                  maxlength="2"
                                  name="newValue"
                                  type="number"
                                  aria-labelledby="quantity-controls-264772316-label"
                                  value="1"
                                />
                              </div>
                              <button
                                class="styled__BaseButton-rsekm1-0 styled__PrimaryButton-rsekm1-2 jChbeY geeWOF styled__StyledButton-vtxwzb-5 japAxb beans-quantity-controls__add-button beans-button__container"
                                type="submit"
                                data-auto="beans-quantity-controls-add-button"
                                aria-label="add Ella's Kitchen Organic Banana Baby Brekkie 100G to basket"
                              >
                                <span
                                  class="base-components__BaseElement-sc-1mosoyj-0 styled__InnerContainer-rsekm1-1 oznwo fuFres beans-button__inner-container"
                                  ><span
                                    class="base-components__BaseElement-sc-1mosoyj-0 styled__TextSpan-rsekm1-4 oznwo GDiMp beans-button__text"
                                    >Add</span
                                  ></span
                                >
                              </button>
                            </div>
                          </div>
                        </div>
                      </div>
                    </div>
                    <input
                      name="_csrf"
                      type="hidden"
                      value="F4ilyTJl-LvtqLgFsBkctxWaUBk6u5LvYpFM"
                    />
                  </form>
                </div>
              </div>
            </div>
            <div class="hidden-medium product-info-section-small">
              <div class="product-info-message-list"></div>
            </div>
          </div>
        </div>
      </div>
    </div>
  </li>
</ul>
