<ul
  class="product-list grid"
  data-auto="product-list"
  data-auto-last-updated="1665766129424"
>
  <li class="product-list--list-item first">
    <div class="styles__StyledVerticalTileWrapper-dvv1wj-0 dtCNPH">
      <p class="styled__FlashSashContent-sc-9znnul-0 dYgYXb">
        <strong class="styled__FlashSashText-sc-9znnul-1 ezIdyW"
          >Sponsored</strong
        >
      </p>
      <div
        data-auto="product-tile"
        data-auto-type="Quantity"
        data-auto-available="true"
        data-auto-is-restricted-disabled="false"
        data-auto-is-substitute="false"
        class="styles__StyledVerticalTile-dvv1wj-1 gSCsYK"
      >
        <div class="styles__StyledTileContentWrapper-dvv1wj-2 bkNhNP beans">
          <div
            id="tile-312711367"
            data-auto-id="312711367"
            class="styles__StyledTiledContent-dvv1wj-3 bcglTg"
          >
            <a
              href="/groceries/en-GB/products/312711367"
              aria-hidden="true"
              class="product-image-wrapper"
              tabindex="1"
              ><div class="product-image__container">
                <picture
                  ><img
                    class="styled__Image-sjvkdn-0 bJErKA product-image beans-responsive-image__image"
                    src="https://digitalcontent.api.tesco.com/v2/media/ghs/525ad7e4-295b-4a5e-832c-e393450b4086/57ce713b-df87-472d-aaa8-715842d1d9c7.jpeg?h=225&amp;w=225"
                    srcset="
                      https://digitalcontent.api.tesco.com/v2/media/ghs/525ad7e4-295b-4a5e-832c-e393450b4086/57ce713b-df87-472d-aaa8-715842d1d9c7.jpeg?h=225&amp;w=225  768w,
                      https://digitalcontent.api.tesco.com/v2/media/ghs/525ad7e4-295b-4a5e-832c-e393450b4086/57ce713b-df87-472d-aaa8-715842d1d9c7.jpeg?h=225&amp;w=225 4000w
                    "
                    alt="Mowi Scottish Salmon Flakes Sweet Chilli 80G"
                /></picture></div
            ></a>
            <div class="product-details--wrapper">
              <h3 class="styles__H3-oa5soe-0 bCKNNq">
                <a
                  href="/groceries/en-GB/products/312711367"
                  class="styled__Anchor-sc-1xbujuz-0 csVOnh beans-link__anchor"
                  data-auto="product-tile--title"
                  ><span
                    class="styled__Text-sc-1xbujuz-1 ldbwMG beans-link__text"
                    >Mowi Scottish Salmon Flakes Sweet Chilli 80G</span
                  ></a
                >
              </h3>
              <div
                class="styles__StyledPromotionsAboveMobile-dvv1wj-7 iPTMuo"
              ></div>
              <div class="styles__StyledProductDetailsContent-dvv1wj-5 ddRSrq">
                <a
                  href="/groceries/en-GB/reviews/submission/312711367?from=%2Fsearch%3Fquery%3Dseafood"
                  aria-label="Write a review for Mowi Scottish Salmon Flakes Sweet Chilli 80G"
                  class="styled__Anchor-sc-1xbujuz-0 jSzuDt write-a-review-link beans-link__anchor"
                  data-auto="review-link"
                  ><span
                    class="styled__Text-sc-1xbujuz-1 fyDIEo beans-link__text"
                    >Write a review</span
                  ><span
                    class="styled__IconContainer-sc-1xbujuz-2 bSauSL beans-link__icon-container"
                    ><svg
                      aria-hidden="true"
                      class="styled__SVG-xxa4wh-1 hQMCqc beans-link__icon beans-icon__svg"
                      height="13.33"
                      preserveAspectRatio="xMinYMax meet"
                      viewBox="-1 0 12 20"
                      width="8"
                      xmlns="http://www.w3.org/2000/svg"
                      color="currentColor"
                    >
                      <path
                        d="M1.312 1.348L10.276 10l-8.964 8.644"
                        fill="none"
                        stroke="currentColor"
                      ></path></svg></span
                ></a>
                <div>
                  <a
                    href="/groceries/en-GB/shop/fresh-food/chilled-fish-and-seafood/salmon-and-trout/ready-to-eat-fillets"
                    class="styled__Anchor-sc-1xbujuz-0 jSzuDt rest-of-shelf-link beans-link__anchor"
                    data-auto="rest-of-shelf-link"
                    ><span
                      class="styled__Text-sc-1xbujuz-1 fyDIEo beans-link__text"
                      >Rest of
                      <span class="visually-hidden">Ready to Eat Fillets</span>
                      shelf</span
                    ><span
                      class="styled__IconContainer-sc-1xbujuz-2 bSauSL beans-link__icon-container"
                      ><svg
                        aria-hidden="true"
                        class="styled__SVG-xxa4wh-1 hQMCqc beans-link__icon beans-icon__svg"
                        height="13.33"
                        preserveAspectRatio="xMinYMax meet"
                        viewBox="-1 0 12 20"
                        width="8"
                        xmlns="http://www.w3.org/2000/svg"
                        color="currentColor"
                      >
                        <path
                          d="M1.312 1.348L10.276 10l-8.964 8.644"
                          fill="none"
                          stroke="currentColor"
                        ></path></svg></span
                  ></a>
                </div>
                <div class="product-info-message-section">
                  <div class="product-info-message-list"></div>
                </div>
              </div>
              <div class="styles__StyledBuyBoxWrapper-dvv1wj-4 dSvjUC">
                <div
                  class="styles__StyledBuyBoxContainer-sc-1wx0qp6-0 erryje"
                  data-auto="buybox-container"
                >
                  <div class="styles__SafeFormWrapper-jtpu2t-0 lcrYKS">
                    <form
                      action="/groceries/en-GB/trolley/items/312711367?_method=PUT"
                      method="POST"
                    >
                      <input type="submit" class="hidden" /><input
                        type="hidden"
                        name="id"
                        value="312711367"
                      /><input
                        type="hidden"
                        name="identifier"
                        value="Page"
                      /><input
                        type="hidden"
                        name="anchorId"
                        value="#tile-312711367"
                      /><input
                        type="hidden"
                        name="returnUrl"
                        value="/groceries/en-GB/search?query=seafood&amp;redirectIfUnavailable=true#tile-312711367"
                      /><input type="hidden" name="backToUrl" value="#" /><input
                        type="hidden"
                        name="oldValue"
                        value="0"
                      /><input
                        type="hidden"
                        name="oldUnitChoice"
                        value="pcs"
                      /><input type="hidden" name="newUnitChoice" value="pcs" />
                      <div
                        class="base-components__RootElement-sc-1mosoyj-1 styled__Container-sc-6nhkzi-0 jptQqM hSNpTb beans-buybox__container"
                      >
                        <div
                          class="base-components__BaseElement-sc-1mosoyj-0 styled__PriceAndActions-sc-6nhkzi-3 oznwo eEPLov beans-buybox__price-and-actions"
                        >
                          <div
                            class="base-components__RootElement-sc-1mosoyj-1 styled__Container-sc-8qlq5b-0 jptQqM bgZrjw styled__StyledPrice-sc-6nhkzi-5 iYHeik beans-buybox__price beans-price__container"
                          >
                            <p
                              class="styled__StyledHeading-sc-119w3hf-2 jWPEtj styled__Text-sc-8qlq5b-1 lnaeiZ beans-price__text"
                            >
                              £3.00
                            </p>
                            <p
                              class="styled__StyledFootnote-sc-119w3hf-7 icrlVF styled__Subtext-sc-8qlq5b-2 bNJmdc beans-price__subtext"
                            >
                              £3.75/100g
                            </p>
                          </div>
                          <div
                            class="base-components__RootElement-sc-1mosoyj-1 styled__Container-vtxwzb-0 jptQqM bDFhXJ beans-buybox__actions beans-quantity-controls__container"
                          >
                            <div
                              class="base-components__RootElement-sc-1mosoyj-1 styled__Container-sc-16t2b2a-0 jptQqM PUfgZ styled__StyledFormGroup-vtxwzb-1 kzKuAr beans-quantity-controls__form-group beans-form-group__container"
                            >
                              <label
                                class="styled__StyledLabel-sc-1ttuvhr-0 izGEjV beans-form-group__label beans-label"
                                for="quantity-controls-312711367"
                                >Quantity controls<!-- -->
                              </label>
                              <div
                                class="base-components__BaseElement-sc-1mosoyj-0 styled__Children-sc-16t2b2a-3 oznwo gdJvjO beans-form-group__children"
                              >
                                <div
                                  class="styled__StyledQuantityControlWrapper-vtxwzb-6 LCxOg"
                                >
                                  <label
                                    id="quantity-controls-312711367-label"
                                    class="styled__VisuallyHiddenLabel-vtxwzb-7 gXlLiM"
                                    >Quantity of Mowi Scottish Salmon Flakes
                                    Sweet Chilli 80G</label
                                  >
                                  <div
                                    class="component__Wrapper-sc-1kpmik-3 dReplG input-wrapper"
                                  >
                                    <input
                                      type="number"
                                      class="base-components__RootElement-sc-1mosoyj-1 styled__StyledInput-sc-1jd5f57-0 component__StyledAsInput-sc-1kpmik-4 jptQqM eJLlow styled__StyledInput-vtxwzb-3 lwMHo beans-quantity-controls__input beans-input"
                                      data-auto="beans-quantity-controls-input"
                                      autocomplete="off"
                                      id="quantity-controls-312711367"
                                      maxlength="2"
                                      name="newValue"
                                      aria-labelledby="quantity-controls-312711367-label"
                                      value="1"
                                    />
                                  </div>
                                </div>
                                <button
                                  class="styled__BaseButton-rsekm1-0 styled__PrimaryButton-rsekm1-2 jChbeY geeWOF styled__StyledButton-vtxwzb-5 japAxb beans-quantity-controls__add-button beans-button__container"
                                  type="submit"
                                  data-auto="beans-quantity-controls-add-button"
                                  aria-label="Quantity of Mowi Scottish Salmon Flakes Sweet Chilli 80G"
                                >
                                  <span
                                    class="base-components__BaseElement-sc-1mosoyj-0 styled__InnerContainer-rsekm1-1 oznwo fuFres beans-button__inner-container"
                                    ><span
                                      class="base-components__BaseElement-sc-1mosoyj-0 styled__TextSpan-rsekm1-4 oznwo GDiMp beans-button__text"
                                      >Add</span
                                    ></span
                                  >
                                </button>
                              </div>
                            </div>
                          </div>
                        </div>
                      </div>
                      <input
                        type="hidden"
                        name="_csrf"
                        value="BeMqcJBE-zCJWuNH91oq73jFXs7WkHUAPSZM"
                      />
                    </form>
                  </div>
                </div>
              </div>
            </div>
            <div class="hidden-medium product-info-section-small">
              <div class="product-info-message-list"></div>
            </div>
          </div>
        </div>
      </div>
    </div>
  </li>
  <li class="product-list--list-item">
    <div class="styles__StyledVerticalTileWrapper-dvv1wj-0 dtCNPH">
      <p class="styled__FlashSashContent-sc-9znnul-0 dYgYXb">
        <strong class="styled__FlashSashText-sc-9znnul-1 ezIdyW"
          >Sponsored</strong
        >
      </p>
      <div
        data-auto="product-tile"
        data-auto-type="Quantity"
        data-auto-available="true"
        data-auto-is-restricted-disabled="false"
        data-auto-is-substitute="false"
        class="styles__StyledVerticalTile-dvv1wj-1 gSCsYK"
      >
        <div class="styles__StyledTileContentWrapper-dvv1wj-2 bkNhNP beans">
          <div
            id="tile-310127031"
            data-auto-id="310127031"
            class="styles__StyledTiledContent-dvv1wj-3 bcglTg"
          >
            <a
              href="/groceries/en-GB/products/310127031"
              aria-hidden="true"
              class="product-image-wrapper"
              tabindex="1"
              ><div class="product-image__container">
                <picture
                  ><img
                    class="styled__Image-sjvkdn-0 bJErKA product-image beans-responsive-image__image"
                    src="https://digitalcontent.api.tesco.com/v2/media/ghs/049338dd-ffac-4462-b2ab-30d632067a90/20f084f1-248f-483b-aef9-1aac2502005e.jpeg?h=225&amp;w=225"
                    srcset="
                      https://digitalcontent.api.tesco.com/v2/media/ghs/049338dd-ffac-4462-b2ab-30d632067a90/20f084f1-248f-483b-aef9-1aac2502005e.jpeg?h=225&amp;w=225  768w,
                      https://digitalcontent.api.tesco.com/v2/media/ghs/049338dd-ffac-4462-b2ab-30d632067a90/20f084f1-248f-483b-aef9-1aac2502005e.jpeg?h=225&amp;w=225 4000w
                    "
                    alt="Mowi 2 Scottish Salmon Fillets 230G"
                /></picture></div
            ></a>
            <div class="product-details--wrapper">
              <h3 class="styles__H3-oa5soe-0 bCKNNq">
                <a
                  href="/groceries/en-GB/products/310127031"
                  class="styled__Anchor-sc-1xbujuz-0 csVOnh beans-link__anchor"
                  data-auto="product-tile--title"
                  ><span
                    class="styled__Text-sc-1xbujuz-1 ldbwMG beans-link__text"
                    >Mowi 2 Scottish Salmon Fillets 230G</span
                  ></a
                >
              </h3>
              <div class="styles__StyledProductDetailsContent-dvv1wj-5 ddRSrq">
                <a
                  href="/groceries/en-GB/reviews/submission/310127031?from=%2Fsearch%3Fquery%3Dseafood"
                  aria-label="Write a review for Mowi 2 Scottish Salmon Fillets 230G"
                  class="styled__Anchor-sc-1xbujuz-0 jSzuDt write-a-review-link beans-link__anchor"
                  data-auto="review-link"
                  ><span
                    class="styled__Text-sc-1xbujuz-1 fyDIEo beans-link__text"
                    >Write a review</span
                  ><span
                    class="styled__IconContainer-sc-1xbujuz-2 bSauSL beans-link__icon-container"
                    ><svg
                      aria-hidden="true"
                      class="styled__SVG-xxa4wh-1 hQMCqc beans-link__icon beans-icon__svg"
                      height="13.33"
                      preserveAspectRatio="xMinYMax meet"
                      viewBox="-1 0 12 20"
                      width="8"
                      xmlns="http://www.w3.org/2000/svg"
                      color="currentColor"
                    >
                      <path
                        d="M1.312 1.348L10.276 10l-8.964 8.644"
                        fill="none"
                        stroke="currentColor"
                      ></path></svg></span
                ></a>
                <div>
                  <a
                    href="/groceries/en-GB/shop/fresh-food/chilled-fish-and-seafood/salmon-and-trout/fresh-salmon-fillets"
                    class="styled__Anchor-sc-1xbujuz-0 jSzuDt rest-of-shelf-link beans-link__anchor"
                    data-auto="rest-of-shelf-link"
                    ><span
                      class="styled__Text-sc-1xbujuz-1 fyDIEo beans-link__text"
                      >Rest of
                      <span class="visually-hidden">Fresh Salmon Fillets</span>
                      shelf</span
                    ><span
                      class="styled__IconContainer-sc-1xbujuz-2 bSauSL beans-link__icon-container"
                      ><svg
                        aria-hidden="true"
                        class="styled__SVG-xxa4wh-1 hQMCqc beans-link__icon beans-icon__svg"
                        height="13.33"
                        preserveAspectRatio="xMinYMax meet"
                        viewBox="-1 0 12 20"
                        width="8"
                        xmlns="http://www.w3.org/2000/svg"
                        color="currentColor"
                      >
                        <path
                          d="M1.312 1.348L10.276 10l-8.964 8.644"
                          fill="none"
                          stroke="currentColor"
                        ></path></svg></span
                  ></a>
                </div>
                <div class="product-info-message-section">
                  <div class="product-info-message-list"></div>
                </div>
              </div>
              <div
                class="styles__StyledPromotionsWithBuyBoxWrapper-dvv1wj-8 cZskDh"
              >
                <div
                  class="styles__StyledPromotionsAboveMobile-dvv1wj-7 iPTMuo"
                >
                  <div
                    class="styles__StyledPromotionsWithClubcardPriceContainer-sc-1vdpoop-0 bsPFbn"
                  >
                    <div class="styles__StyledClubcardLogo-sc-1vdpoop-2 elOZEB">
                      <div
                        class="styles__Wrapper-sc-1d2phhy-0 hgBuQG undefined special-offer-sash"
                      >
                        <span class="styles__CircleWrapper-sc-1d2phhy-2 hCbzjm"
                          ><strong
                            class="styles__TextWrapper-sc-1d2phhy-1 bLXNGg"
                            >Clubcard Price</strong
                          ></span
                        >
                      </div>
                    </div>
                    <a href="/groceries/en-GB/promotions/88560607"
                      ><div
                        class="styles__ProductPromotionStyling-sc-1vdpoop-3 cKitpL"
                      >
                        <div
                          class="styles__StyledPromotionsOfferContent-sc-1vdpoop-1 cPSekc"
                        >
                          <span class="offer-text">£4.00 Clubcard Price</span>
                        </div>
                        <span class="dates"
                          >Offer valid for delivery from 28/09/2022 until
                          18/10/2022</span
                        >
                      </div></a
                    >
                  </div>
                </div>
                <div class="styles__StyledBuyBoxWrapper-dvv1wj-4 dSvjUC">
                  <div
                    class="styles__StyledBuyBoxContainer-sc-1wx0qp6-0 erryje"
                    data-auto="buybox-container"
                  >
                    <div class="styles__SafeFormWrapper-jtpu2t-0 lcrYKS">
                      <form
                        action="/groceries/en-GB/trolley/items/310127031?_method=PUT"
                        method="POST"
                      >
                        <input type="submit" class="hidden" /><input
                          type="hidden"
                          name="id"
                          value="310127031"
                        /><input
                          type="hidden"
                          name="identifier"
                          value="Page"
                        /><input
                          type="hidden"
                          name="anchorId"
                          value="#tile-310127031"
                        /><input
                          type="hidden"
                          name="returnUrl"
                          value="/groceries/en-GB/search?query=seafood&amp;redirectIfUnavailable=true#tile-310127031"
                        /><input
                          type="hidden"
                          name="backToUrl"
                          value="#"
                        /><input
                          type="hidden"
                          name="oldValue"
                          value="0"
                        /><input
                          type="hidden"
                          name="oldUnitChoice"
                          value="pcs"
                        /><input
                          type="hidden"
                          name="newUnitChoice"
                          value="pcs"
                        />
                        <div
                          class="base-components__RootElement-sc-1mosoyj-1 styled__Container-sc-6nhkzi-0 jptQqM hSNpTb beans-buybox__container"
                        >
                          <div
                            class="base-components__BaseElement-sc-1mosoyj-0 styled__PriceAndActions-sc-6nhkzi-3 oznwo eEPLov beans-buybox__price-and-actions"
                          >
                            <div
                              class="base-components__RootElement-sc-1mosoyj-1 styled__Container-sc-8qlq5b-0 jptQqM bgZrjw styled__StyledPrice-sc-6nhkzi-5 iYHeik beans-buybox__price beans-price__container"
                            >
                              <p
                                class="styled__StyledHeading-sc-119w3hf-2 jWPEtj styled__Text-sc-8qlq5b-1 lnaeiZ beans-price__text"
                              >
                                £5.00
                              </p>
                              <p
                                class="styled__StyledFootnote-sc-119w3hf-7 icrlVF styled__Subtext-sc-8qlq5b-2 bNJmdc beans-price__subtext"
                              >
                                £21.74/kg
                              </p>
                            </div>
                            <div
                              class="base-components__RootElement-sc-1mosoyj-1 styled__Container-vtxwzb-0 jptQqM bDFhXJ beans-buybox__actions beans-quantity-controls__container"
                            >
                              <div
                                class="base-components__RootElement-sc-1mosoyj-1 styled__Container-sc-16t2b2a-0 jptQqM PUfgZ styled__StyledFormGroup-vtxwzb-1 kzKuAr beans-quantity-controls__form-group beans-form-group__container"
                              >
                                <label
                                  class="styled__StyledLabel-sc-1ttuvhr-0 izGEjV beans-form-group__label beans-label"
                                  for="quantity-controls-310127031"
                                  >Quantity controls<!-- -->
                                </label>
                                <div
                                  class="base-components__BaseElement-sc-1mosoyj-0 styled__Children-sc-16t2b2a-3 oznwo gdJvjO beans-form-group__children"
                                >
                                  <div
                                    class="styled__StyledQuantityControlWrapper-vtxwzb-6 LCxOg"
                                  >
                                    <label
                                      id="quantity-controls-310127031-label"
                                      class="styled__VisuallyHiddenLabel-vtxwzb-7 gXlLiM"
                                      >Quantity of Mowi 2 Scottish Salmon
                                      Fillets 230G</label
                                    >
                                    <div
                                      class="component__Wrapper-sc-1kpmik-3 dReplG input-wrapper"
                                    >
                                      <input
                                        type="number"
                                        class="base-components__RootElement-sc-1mosoyj-1 styled__StyledInput-sc-1jd5f57-0 component__StyledAsInput-sc-1kpmik-4 jptQqM eJLlow styled__StyledInput-vtxwzb-3 lwMHo beans-quantity-controls__input beans-input"
                                        data-auto="beans-quantity-controls-input"
                                        autocomplete="off"
                                        id="quantity-controls-310127031"
                                        maxlength="2"
                                        name="newValue"
                                        aria-labelledby="quantity-controls-310127031-label"
                                        value="1"
                                      />
                                    </div>
                                  </div>
                                  <button
                                    class="styled__BaseButton-rsekm1-0 styled__PrimaryButton-rsekm1-2 jChbeY geeWOF styled__StyledButton-vtxwzb-5 japAxb beans-quantity-controls__add-button beans-button__container"
                                    type="submit"
                                    data-auto="beans-quantity-controls-add-button"
                                    aria-label="Quantity of Mowi 2 Scottish Salmon Fillets 230G"
                                  >
                                    <span
                                      class="base-components__BaseElement-sc-1mosoyj-0 styled__InnerContainer-rsekm1-1 oznwo fuFres beans-button__inner-container"
                                      ><span
                                        class="base-components__BaseElement-sc-1mosoyj-0 styled__TextSpan-rsekm1-4 oznwo GDiMp beans-button__text"
                                        >Add</span
                                      ></span
                                    >
                                  </button>
                                </div>
                              </div>
                            </div>
                          </div>
                        </div>
                        <input
                          type="hidden"
                          name="_csrf"
                          value="BeMqcJBE-zCJWuNH91oq73jFXs7WkHUAPSZM"
                        />
                      </form>
                    </div>
                  </div>
                </div>
              </div>
            </div>
            <div class="hidden-medium product-info-section-small">
              <div class="product-info-message-list"></div>
            </div>
          </div>
          <div class="styles__StyledPromotionsMobile-dvv1wj-6 Bxaeb">
            <div>
              <div
                class="styles__StyledPromotionsWithClubcardPriceContainer-sc-1vdpoop-0 bsPFbn"
              >
                <div class="styles__StyledClubcardLogo-sc-1vdpoop-2 elOZEB">
                  <div
                    class="styles__Wrapper-sc-1d2phhy-0 hgBuQG undefined special-offer-sash"
                  >
                    <span class="styles__CircleWrapper-sc-1d2phhy-2 hCbzjm"
                      ><strong class="styles__TextWrapper-sc-1d2phhy-1 bLXNGg"
                        >Clubcard Price</strong
                      ></span
                    >
                  </div>
                </div>
                <a href="/groceries/en-GB/promotions/88560607"
                  ><div
                    class="styles__ProductPromotionStyling-sc-1vdpoop-3 cKitpL"
                  >
                    <div
                      class="styles__StyledPromotionsOfferContent-sc-1vdpoop-1 cPSekc"
                    >
                      <span class="offer-text">£4.00 Clubcard Price</span>
                    </div>
                    <span class="dates"
                      >Offer valid for delivery from 28/09/2022 until
                      18/10/2022</span
                    >
                  </div></a
                >
              </div>
            </div>
          </div>
        </div>
      </div>
    </div>
  </li>
  <li class="product-list--list-item">
    <div class="styles__StyledVerticalTileWrapper-dvv1wj-0 dtCNPH">
      <div
        data-auto="product-tile"
        data-auto-type="Quantity"
        data-auto-available="true"
        data-auto-is-restricted-disabled="false"
        data-auto-is-substitute="false"
        class="styles__StyledVerticalTile-dvv1wj-1 gSCsYK"
      >
        <div class="styles__StyledTileContentWrapper-dvv1wj-2 bkNhNP beans">
          <div
            id="tile-311779417"
            data-auto-id="311779417"
            class="styles__StyledTiledContent-dvv1wj-3 bcglTg"
          >
            <a
              href="/groceries/en-GB/products/311779417"
              aria-hidden="true"
              class="product-image-wrapper"
              tabindex="1"
              ><div class="product-image__container">
                <picture
                  ><img
                    class="styled__Image-sjvkdn-0 bJErKA product-image beans-responsive-image__image"
                    src="https://digitalcontent.api.tesco.com/v2/media/ghs/a225001a-a665-44b2-93ba-f4b3cb43b7dd/ce1cbc33-e5d2-4d89-828a-0cd33a2f38e7_637158778.jpeg?h=225&amp;w=225"
                    srcset="
                      https://digitalcontent.api.tesco.com/v2/media/ghs/a225001a-a665-44b2-93ba-f4b3cb43b7dd/ce1cbc33-e5d2-4d89-828a-0cd33a2f38e7_637158778.jpeg?h=225&amp;w=225  768w,
                      https://digitalcontent.api.tesco.com/v2/media/ghs/a225001a-a665-44b2-93ba-f4b3cb43b7dd/ce1cbc33-e5d2-4d89-828a-0cd33a2f38e7_637158778.jpeg?h=225&amp;w=225 4000w
                    "
                    alt="Tesco Raw Seafood Selection 350G"
                /></picture></div
            ></a>
            <div class="product-details--wrapper">
              <h3 class="styles__H3-oa5soe-0 bCKNNq">
                <a
                  href="/groceries/en-GB/products/311779417"
                  class="styled__Anchor-sc-1xbujuz-0 csVOnh beans-link__anchor"
                  data-auto="product-tile--title"
                  ><span
                    class="styled__Text-sc-1xbujuz-1 ldbwMG beans-link__text"
                    >Tesco Raw Seafood Selection 350G</span
                  ></a
                >
              </h3>
              <div
                class="styles__StyledPromotionsAboveMobile-dvv1wj-7 iPTMuo"
              ></div>
              <div class="styles__StyledProductDetailsContent-dvv1wj-5 ddRSrq">
                <a
                  href="/groceries/en-GB/reviews/submission/311779417?from=%2Fsearch%3Fquery%3Dseafood"
                  aria-label="Write a review for Tesco Raw Seafood Selection 350G"
                  class="styled__Anchor-sc-1xbujuz-0 jSzuDt write-a-review-link beans-link__anchor"
                  data-auto="review-link"
                  ><span
                    class="styled__Text-sc-1xbujuz-1 fyDIEo beans-link__text"
                    >Write a review</span
                  ><span
                    class="styled__IconContainer-sc-1xbujuz-2 bSauSL beans-link__icon-container"
                    ><svg
                      aria-hidden="true"
                      class="styled__SVG-xxa4wh-1 hQMCqc beans-link__icon beans-icon__svg"
                      height="13.33"
                      preserveAspectRatio="xMinYMax meet"
                      viewBox="-1 0 12 20"
                      width="8"
                      xmlns="http://www.w3.org/2000/svg"
                      color="currentColor"
                    >
                      <path
                        d="M1.312 1.348L10.276 10l-8.964 8.644"
                        fill="none"
                        stroke="currentColor"
                      ></path></svg></span
                ></a>
                <div>
                  <a
                    href="/groceries/en-GB/shop/frozen-food/frozen-fish-and-seafood/frozen-seafood-and-shellfish/frozen-seafood-and-shellfish"
                    class="styled__Anchor-sc-1xbujuz-0 jSzuDt rest-of-shelf-link beans-link__anchor"
                    data-auto="rest-of-shelf-link"
                    ><span
                      class="styled__Text-sc-1xbujuz-1 fyDIEo beans-link__text"
                      >Rest of
                      <span class="visually-hidden"
                        >Frozen Seafood &amp; Shellfish</span
                      >
                      shelf</span
                    ><span
                      class="styled__IconContainer-sc-1xbujuz-2 bSauSL beans-link__icon-container"
                      ><svg
                        aria-hidden="true"
                        class="styled__SVG-xxa4wh-1 hQMCqc beans-link__icon beans-icon__svg"
                        height="13.33"
                        preserveAspectRatio="xMinYMax meet"
                        viewBox="-1 0 12 20"
                        width="8"
                        xmlns="http://www.w3.org/2000/svg"
                        color="currentColor"
                      >
                        <path
                          d="M1.312 1.348L10.276 10l-8.964 8.644"
                          fill="none"
                          stroke="currentColor"
                        ></path></svg></span
                  ></a>
                </div>
                <div class="product-info-message-section">
                  <div class="product-info-message-list"></div>
                </div>
              </div>
              <div class="styles__StyledBuyBoxWrapper-dvv1wj-4 dSvjUC">
                <div
                  class="styles__StyledBuyBoxContainer-sc-1wx0qp6-0 erryje"
                  data-auto="buybox-container"
                >
                  <div class="styles__SafeFormWrapper-jtpu2t-0 lcrYKS">
                    <form
                      action="/groceries/en-GB/trolley/items/311779417?_method=PUT"
                      method="POST"
                    >
                      <input type="submit" class="hidden" /><input
                        type="hidden"
                        name="id"
                        value="311779417"
                      /><input
                        type="hidden"
                        name="identifier"
                        value="Page"
                      /><input
                        type="hidden"
                        name="anchorId"
                        value="#tile-311779417"
                      /><input
                        type="hidden"
                        name="returnUrl"
                        value="/groceries/en-GB/search?query=seafood&amp;redirectIfUnavailable=true#tile-311779417"
                      /><input type="hidden" name="backToUrl" value="#" /><input
                        type="hidden"
                        name="oldValue"
                        value="0"
                      /><input
                        type="hidden"
                        name="oldUnitChoice"
                        value="pcs"
                      /><input type="hidden" name="newUnitChoice" value="pcs" />
                      <div
                        class="base-components__RootElement-sc-1mosoyj-1 styled__Container-sc-6nhkzi-0 jptQqM hSNpTb beans-buybox__container"
                      >
                        <div
                          class="base-components__BaseElement-sc-1mosoyj-0 styled__PriceAndActions-sc-6nhkzi-3 oznwo eEPLov beans-buybox__price-and-actions"
                        >
                          <div
                            class="base-components__RootElement-sc-1mosoyj-1 styled__Container-sc-8qlq5b-0 jptQqM bgZrjw styled__StyledPrice-sc-6nhkzi-5 iYHeik beans-buybox__price beans-price__container"
                          >
                            <p
                              class="styled__StyledHeading-sc-119w3hf-2 jWPEtj styled__Text-sc-8qlq5b-1 lnaeiZ beans-price__text"
                            >
                              £4.50
                            </p>
                            <p
                              class="styled__StyledFootnote-sc-119w3hf-7 icrlVF styled__Subtext-sc-8qlq5b-2 bNJmdc beans-price__subtext"
                            >
                              £12.86/kg
                            </p>
                          </div>
                          <div
                            class="base-components__RootElement-sc-1mosoyj-1 styled__Container-vtxwzb-0 jptQqM bDFhXJ beans-buybox__actions beans-quantity-controls__container"
                          >
                            <div
                              class="base-components__RootElement-sc-1mosoyj-1 styled__Container-sc-16t2b2a-0 jptQqM PUfgZ styled__StyledFormGroup-vtxwzb-1 kzKuAr beans-quantity-controls__form-group beans-form-group__container"
                            >
                              <label
                                class="styled__StyledLabel-sc-1ttuvhr-0 izGEjV beans-form-group__label beans-label"
                                for="quantity-controls-311779417"
                                >Quantity controls<!-- -->
                              </label>
                              <div
                                class="base-components__BaseElement-sc-1mosoyj-0 styled__Children-sc-16t2b2a-3 oznwo gdJvjO beans-form-group__children"
                              >
                                <div
                                  class="styled__StyledQuantityControlWrapper-vtxwzb-6 LCxOg"
                                >
                                  <label
                                    id="quantity-controls-311779417-label"
                                    class="styled__VisuallyHiddenLabel-vtxwzb-7 gXlLiM"
                                    >Quantity of Tesco Raw Seafood Selection
                                    350G</label
                                  >
                                  <div
                                    class="component__Wrapper-sc-1kpmik-3 dReplG input-wrapper"
                                  >
                                    <input
                                      type="number"
                                      class="base-components__RootElement-sc-1mosoyj-1 styled__StyledInput-sc-1jd5f57-0 component__StyledAsInput-sc-1kpmik-4 jptQqM eJLlow styled__StyledInput-vtxwzb-3 lwMHo beans-quantity-controls__input beans-input"
                                      data-auto="beans-quantity-controls-input"
                                      autocomplete="off"
                                      id="quantity-controls-311779417"
                                      maxlength="2"
                                      name="newValue"
                                      aria-labelledby="quantity-controls-311779417-label"
                                      value="1"
                                    />
                                  </div>
                                </div>
                                <button
                                  class="styled__BaseButton-rsekm1-0 styled__PrimaryButton-rsekm1-2 jChbeY geeWOF styled__StyledButton-vtxwzb-5 japAxb beans-quantity-controls__add-button beans-button__container"
                                  type="submit"
                                  data-auto="beans-quantity-controls-add-button"
                                  aria-label="Quantity of Tesco Raw Seafood Selection 350G"
                                >
                                  <span
                                    class="base-components__BaseElement-sc-1mosoyj-0 styled__InnerContainer-rsekm1-1 oznwo fuFres beans-button__inner-container"
                                    ><span
                                      class="base-components__BaseElement-sc-1mosoyj-0 styled__TextSpan-rsekm1-4 oznwo GDiMp beans-button__text"
                                      >Add</span
                                    ></span
                                  >
                                </button>
                              </div>
                            </div>
                          </div>
                        </div>
                      </div>
                      <input
                        type="hidden"
                        name="_csrf"
                        value="BeMqcJBE-zCJWuNH91oq73jFXs7WkHUAPSZM"
                      />
                    </form>
                  </div>
                </div>
              </div>
            </div>
            <div class="hidden-medium product-info-section-small">
              <div class="product-info-message-list"></div>
            </div>
          </div>
        </div>
      </div>
    </div>
  </li>
  <li class="product-list--list-item">
    <div class="styles__StyledVerticalTileWrapper-dvv1wj-0 dtCNPH">
      <div
        data-auto="product-tile"
        data-auto-type="Quantity"
        data-auto-available="true"
        data-auto-is-restricted-disabled="false"
        data-auto-is-substitute="false"
        class="styles__StyledVerticalTile-dvv1wj-1 gSCsYK"
      >
        <div class="styles__StyledTileContentWrapper-dvv1wj-2 bkNhNP beans">
          <div
            id="tile-297648810"
            data-auto-id="297648810"
            class="styles__StyledTiledContent-dvv1wj-3 bcglTg"
          >
            <a
              href="/groceries/en-GB/products/297648810"
              aria-hidden="true"
              class="product-image-wrapper"
              tabindex="1"
              ><div class="product-image__container">
                <picture
                  ><img
                    class="styled__Image-sjvkdn-0 bJErKA product-image beans-responsive-image__image"
                    src="https://digitalcontent.api.tesco.com/v2/media/ghs/3e907165-9324-4bde-9cf7-a4eb65d5dd46/163663f3-f48e-4de1-b851-efe170443595.jpeg?h=225&amp;w=225"
                    srcset="
                      https://digitalcontent.api.tesco.com/v2/media/ghs/3e907165-9324-4bde-9cf7-a4eb65d5dd46/163663f3-f48e-4de1-b851-efe170443595.jpeg?h=225&amp;w=225  768w,
                      https://digitalcontent.api.tesco.com/v2/media/ghs/3e907165-9324-4bde-9cf7-a4eb65d5dd46/163663f3-f48e-4de1-b851-efe170443595.jpeg?h=225&amp;w=225 4000w
                    "
                    alt="Tesco Cooked Seafood Cocktail 300G"
                /></picture></div
            ></a>
            <div class="product-details--wrapper">
              <h3 class="styles__H3-oa5soe-0 bCKNNq">
                <a
                  href="/groceries/en-GB/products/297648810"
                  class="styled__Anchor-sc-1xbujuz-0 csVOnh beans-link__anchor"
                  data-auto="product-tile--title"
                  ><span
                    class="styled__Text-sc-1xbujuz-1 ldbwMG beans-link__text"
                    >Tesco Cooked Seafood Cocktail 300G</span
                  ></a
                >
              </h3>
              <div
                class="styles__StyledPromotionsAboveMobile-dvv1wj-7 iPTMuo"
              ></div>
              <div class="styles__StyledProductDetailsContent-dvv1wj-5 ddRSrq">
                <a
                  href="/groceries/en-GB/reviews/submission/297648810?from=%2Fsearch%3Fquery%3Dseafood"
                  aria-label="Write a review for Tesco Cooked Seafood Cocktail 300G"
                  class="styled__Anchor-sc-1xbujuz-0 jSzuDt write-a-review-link beans-link__anchor"
                  data-auto="review-link"
                  ><span
                    class="styled__Text-sc-1xbujuz-1 fyDIEo beans-link__text"
                    >Write a review</span
                  ><span
                    class="styled__IconContainer-sc-1xbujuz-2 bSauSL beans-link__icon-container"
                    ><svg
                      aria-hidden="true"
                      class="styled__SVG-xxa4wh-1 hQMCqc beans-link__icon beans-icon__svg"
                      height="13.33"
                      preserveAspectRatio="xMinYMax meet"
                      viewBox="-1 0 12 20"
                      width="8"
                      xmlns="http://www.w3.org/2000/svg"
                      color="currentColor"
                    >
                      <path
                        d="M1.312 1.348L10.276 10l-8.964 8.644"
                        fill="none"
                        stroke="currentColor"
                      ></path></svg></span
                ></a>
                <div>
                  <a
                    href="/groceries/en-GB/shop/frozen-food/frozen-fish-and-seafood/frozen-seafood-and-shellfish/frozen-seafood-and-shellfish"
                    class="styled__Anchor-sc-1xbujuz-0 jSzuDt rest-of-shelf-link beans-link__anchor"
                    data-auto="rest-of-shelf-link"
                    ><span
                      class="styled__Text-sc-1xbujuz-1 fyDIEo beans-link__text"
                      >Rest of
                      <span class="visually-hidden"
                        >Frozen Seafood &amp; Shellfish</span
                      >
                      shelf</span
                    ><span
                      class="styled__IconContainer-sc-1xbujuz-2 bSauSL beans-link__icon-container"
                      ><svg
                        aria-hidden="true"
                        class="styled__SVG-xxa4wh-1 hQMCqc beans-link__icon beans-icon__svg"
                        height="13.33"
                        preserveAspectRatio="xMinYMax meet"
                        viewBox="-1 0 12 20"
                        width="8"
                        xmlns="http://www.w3.org/2000/svg"
                        color="currentColor"
                      >
                        <path
                          d="M1.312 1.348L10.276 10l-8.964 8.644"
                          fill="none"
                          stroke="currentColor"
                        ></path></svg></span
                  ></a>
                </div>
                <div class="product-info-message-section">
                  <div class="product-info-message-list"></div>
                </div>
              </div>
              <div class="styles__StyledBuyBoxWrapper-dvv1wj-4 dSvjUC">
                <div
                  class="styles__StyledBuyBoxContainer-sc-1wx0qp6-0 erryje"
                  data-auto="buybox-container"
                >
                  <div class="styles__SafeFormWrapper-jtpu2t-0 lcrYKS">
                    <form
                      action="/groceries/en-GB/trolley/items/297648810?_method=PUT"
                      method="POST"
                    >
                      <input type="submit" class="hidden" /><input
                        type="hidden"
                        name="id"
                        value="297648810"
                      /><input
                        type="hidden"
                        name="identifier"
                        value="Page"
                      /><input
                        type="hidden"
                        name="anchorId"
                        value="#tile-297648810"
                      /><input
                        type="hidden"
                        name="returnUrl"
                        value="/groceries/en-GB/search?query=seafood&amp;redirectIfUnavailable=true#tile-297648810"
                      /><input type="hidden" name="backToUrl" value="#" /><input
                        type="hidden"
                        name="oldValue"
                        value="0"
                      /><input
                        type="hidden"
                        name="oldUnitChoice"
                        value="pcs"
                      /><input type="hidden" name="newUnitChoice" value="pcs" />
                      <div
                        class="base-components__RootElement-sc-1mosoyj-1 styled__Container-sc-6nhkzi-0 jptQqM hSNpTb beans-buybox__container"
                      >
                        <div
                          class="base-components__BaseElement-sc-1mosoyj-0 styled__PriceAndActions-sc-6nhkzi-3 oznwo eEPLov beans-buybox__price-and-actions"
                        >
                          <div
                            class="base-components__RootElement-sc-1mosoyj-1 styled__Container-sc-8qlq5b-0 jptQqM bgZrjw styled__StyledPrice-sc-6nhkzi-5 iYHeik beans-buybox__price beans-price__container"
                          >
                            <p
                              class="styled__StyledHeading-sc-119w3hf-2 jWPEtj styled__Text-sc-8qlq5b-1 lnaeiZ beans-price__text"
                            >
                              £4.00
                            </p>
                            <p
                              class="styled__StyledFootnote-sc-119w3hf-7 icrlVF styled__Subtext-sc-8qlq5b-2 bNJmdc beans-price__subtext"
                            >
                              £1.34/100g
                            </p>
                          </div>
                          <div
                            class="base-components__RootElement-sc-1mosoyj-1 styled__Container-vtxwzb-0 jptQqM bDFhXJ beans-buybox__actions beans-quantity-controls__container"
                          >
                            <div
                              class="base-components__RootElement-sc-1mosoyj-1 styled__Container-sc-16t2b2a-0 jptQqM PUfgZ styled__StyledFormGroup-vtxwzb-1 kzKuAr beans-quantity-controls__form-group beans-form-group__container"
                            >
                              <label
                                class="styled__StyledLabel-sc-1ttuvhr-0 izGEjV beans-form-group__label beans-label"
                                for="quantity-controls-297648810"
                                >Quantity controls<!-- -->
                              </label>
                              <div
                                class="base-components__BaseElement-sc-1mosoyj-0 styled__Children-sc-16t2b2a-3 oznwo gdJvjO beans-form-group__children"
                              >
                                <div
                                  class="styled__StyledQuantityControlWrapper-vtxwzb-6 LCxOg"
                                >
                                  <label
                                    id="quantity-controls-297648810-label"
                                    class="styled__VisuallyHiddenLabel-vtxwzb-7 gXlLiM"
                                    >Quantity of Tesco Cooked Seafood Cocktail
                                    300G</label
                                  >
                                  <div
                                    class="component__Wrapper-sc-1kpmik-3 dReplG input-wrapper"
                                  >
                                    <input
                                      type="number"
                                      class="base-components__RootElement-sc-1mosoyj-1 styled__StyledInput-sc-1jd5f57-0 component__StyledAsInput-sc-1kpmik-4 jptQqM eJLlow styled__StyledInput-vtxwzb-3 lwMHo beans-quantity-controls__input beans-input"
                                      data-auto="beans-quantity-controls-input"
                                      autocomplete="off"
                                      id="quantity-controls-297648810"
                                      maxlength="2"
                                      name="newValue"
                                      aria-labelledby="quantity-controls-297648810-label"
                                      value="1"
                                    />
                                  </div>
                                </div>
                                <button
                                  class="styled__BaseButton-rsekm1-0 styled__PrimaryButton-rsekm1-2 jChbeY geeWOF styled__StyledButton-vtxwzb-5 japAxb beans-quantity-controls__add-button beans-button__container"
                                  type="submit"
                                  data-auto="beans-quantity-controls-add-button"
                                  aria-label="Quantity of Tesco Cooked Seafood Cocktail 300G"
                                >
                                  <span
                                    class="base-components__BaseElement-sc-1mosoyj-0 styled__InnerContainer-rsekm1-1 oznwo fuFres beans-button__inner-container"
                                    ><span
                                      class="base-components__BaseElement-sc-1mosoyj-0 styled__TextSpan-rsekm1-4 oznwo GDiMp beans-button__text"
                                      >Add</span
                                    ></span
                                  >
                                </button>
                              </div>
                            </div>
                          </div>
                        </div>
                      </div>
                      <input
                        type="hidden"
                        name="_csrf"
                        value="BeMqcJBE-zCJWuNH91oq73jFXs7WkHUAPSZM"
                      />
                    </form>
                  </div>
                </div>
              </div>
            </div>
            <div class="hidden-medium product-info-section-small">
              <div class="product-info-message-list"></div>
            </div>
          </div>
        </div>
      </div>
    </div>
  </li>
  <li class="product-list--list-item">
    <div class="styles__StyledVerticalTileWrapper-dvv1wj-0 dtCNPH">
      <div
        data-auto="product-tile"
        data-auto-type="Quantity"
        data-auto-available="true"
        data-auto-is-restricted-disabled="false"
        data-auto-is-substitute="false"
        class="styles__StyledVerticalTile-dvv1wj-1 gSCsYK"
      >
        <div class="styles__StyledTileContentWrapper-dvv1wj-2 bkNhNP beans">
          <div
            id="tile-304410695"
            data-auto-id="304410695"
            class="styles__StyledTiledContent-dvv1wj-3 bcglTg"
          >
            <a
              href="/groceries/en-GB/products/304410695"
              aria-hidden="true"
              class="product-image-wrapper"
              tabindex="1"
              ><div class="product-image__container">
                <picture
                  ><img
                    class="styled__Image-sjvkdn-0 bJErKA product-image beans-responsive-image__image"
                    src="https://digitalcontent.api.tesco.com/v2/media/ghs/f56445ae-ce72-4134-b5ba-05e898343c2c/61835af2-c348-442e-bb86-2d901e4b68e3.jpeg?h=225&amp;w=225"
                    srcset="
                      https://digitalcontent.api.tesco.com/v2/media/ghs/f56445ae-ce72-4134-b5ba-05e898343c2c/61835af2-c348-442e-bb86-2d901e4b68e3.jpeg?h=225&amp;w=225  768w,
                      https://digitalcontent.api.tesco.com/v2/media/ghs/f56445ae-ce72-4134-b5ba-05e898343c2c/61835af2-c348-442e-bb86-2d901e4b68e3.jpeg?h=225&amp;w=225 4000w
                    "
                    alt="Tesco Raw Scallops 180G"
                /></picture></div
            ></a>
            <div class="product-details--wrapper">
              <h3 class="styles__H3-oa5soe-0 bCKNNq">
                <a
                  href="/groceries/en-GB/products/304410695"
                  class="styled__Anchor-sc-1xbujuz-0 csVOnh beans-link__anchor"
                  data-auto="product-tile--title"
                  ><span
                    class="styled__Text-sc-1xbujuz-1 ldbwMG beans-link__text"
                    >Tesco Raw Scallops 180G</span
                  ></a
                >
              </h3>
              <div
                class="styles__StyledPromotionsAboveMobile-dvv1wj-7 iPTMuo"
              ></div>
              <div class="styles__StyledProductDetailsContent-dvv1wj-5 ddRSrq">
                <a
                  href="/groceries/en-GB/reviews/submission/304410695?from=%2Fsearch%3Fquery%3Dseafood"
                  aria-label="Write a review for Tesco Raw Scallops 180G"
                  class="styled__Anchor-sc-1xbujuz-0 jSzuDt write-a-review-link beans-link__anchor"
                  data-auto="review-link"
                  ><span
                    class="styled__Text-sc-1xbujuz-1 fyDIEo beans-link__text"
                    >Write a review</span
                  ><span
                    class="styled__IconContainer-sc-1xbujuz-2 bSauSL beans-link__icon-container"
                    ><svg
                      aria-hidden="true"
                      class="styled__SVG-xxa4wh-1 hQMCqc beans-link__icon beans-icon__svg"
                      height="13.33"
                      preserveAspectRatio="xMinYMax meet"
                      viewBox="-1 0 12 20"
                      width="8"
                      xmlns="http://www.w3.org/2000/svg"
                      color="currentColor"
                    >
                      <path
                        d="M1.312 1.348L10.276 10l-8.964 8.644"
                        fill="none"
                        stroke="currentColor"
                      ></path></svg></span
                ></a>
                <div>
                  <a
                    href="/groceries/en-GB/shop/frozen-food/frozen-fish-and-seafood/frozen-seafood-and-shellfish/frozen-seafood-and-shellfish"
                    class="styled__Anchor-sc-1xbujuz-0 jSzuDt rest-of-shelf-link beans-link__anchor"
                    data-auto="rest-of-shelf-link"
                    ><span
                      class="styled__Text-sc-1xbujuz-1 fyDIEo beans-link__text"
                      >Rest of
                      <span class="visually-hidden"
                        >Frozen Seafood &amp; Shellfish</span
                      >
                      shelf</span
                    ><span
                      class="styled__IconContainer-sc-1xbujuz-2 bSauSL beans-link__icon-container"
                      ><svg
                        aria-hidden="true"
                        class="styled__SVG-xxa4wh-1 hQMCqc beans-link__icon beans-icon__svg"
                        height="13.33"
                        preserveAspectRatio="xMinYMax meet"
                        viewBox="-1 0 12 20"
                        width="8"
                        xmlns="http://www.w3.org/2000/svg"
                        color="currentColor"
                      >
                        <path
                          d="M1.312 1.348L10.276 10l-8.964 8.644"
                          fill="none"
                          stroke="currentColor"
                        ></path></svg></span
                  ></a>
                </div>
                <div class="product-info-message-section">
                  <div class="product-info-message-list"></div>
                </div>
              </div>
              <div class="styles__StyledBuyBoxWrapper-dvv1wj-4 dSvjUC">
                <div
                  class="styles__StyledBuyBoxContainer-sc-1wx0qp6-0 erryje"
                  data-auto="buybox-container"
                >
                  <div class="styles__SafeFormWrapper-jtpu2t-0 lcrYKS">
                    <form
                      action="/groceries/en-GB/trolley/items/304410695?_method=PUT"
                      method="POST"
                    >
                      <input type="submit" class="hidden" /><input
                        type="hidden"
                        name="id"
                        value="304410695"
                      /><input
                        type="hidden"
                        name="identifier"
                        value="Page"
                      /><input
                        type="hidden"
                        name="anchorId"
                        value="#tile-304410695"
                      /><input
                        type="hidden"
                        name="returnUrl"
                        value="/groceries/en-GB/search?query=seafood&amp;redirectIfUnavailable=true#tile-304410695"
                      /><input type="hidden" name="backToUrl" value="#" /><input
                        type="hidden"
                        name="oldValue"
                        value="0"
                      /><input
                        type="hidden"
                        name="oldUnitChoice"
                        value="pcs"
                      /><input type="hidden" name="newUnitChoice" value="pcs" />
                      <div
                        class="base-components__RootElement-sc-1mosoyj-1 styled__Container-sc-6nhkzi-0 jptQqM hSNpTb beans-buybox__container"
                      >
                        <div
                          class="base-components__BaseElement-sc-1mosoyj-0 styled__PriceAndActions-sc-6nhkzi-3 oznwo eEPLov beans-buybox__price-and-actions"
                        >
                          <div
                            class="base-components__RootElement-sc-1mosoyj-1 styled__Container-sc-8qlq5b-0 jptQqM bgZrjw styled__StyledPrice-sc-6nhkzi-5 iYHeik beans-buybox__price beans-price__container"
                          >
                            <p
                              class="styled__StyledHeading-sc-119w3hf-2 jWPEtj styled__Text-sc-8qlq5b-1 lnaeiZ beans-price__text"
                            >
                              £6.10
                            </p>
                            <p
                              class="styled__StyledFootnote-sc-119w3hf-7 icrlVF styled__Subtext-sc-8qlq5b-2 bNJmdc beans-price__subtext"
                            >
                              £33.89/kg
                            </p>
                          </div>
                          <div
                            class="base-components__RootElement-sc-1mosoyj-1 styled__Container-vtxwzb-0 jptQqM bDFhXJ beans-buybox__actions beans-quantity-controls__container"
                          >
                            <div
                              class="base-components__RootElement-sc-1mosoyj-1 styled__Container-sc-16t2b2a-0 jptQqM PUfgZ styled__StyledFormGroup-vtxwzb-1 kzKuAr beans-quantity-controls__form-group beans-form-group__container"
                            >
                              <label
                                class="styled__StyledLabel-sc-1ttuvhr-0 izGEjV beans-form-group__label beans-label"
                                for="quantity-controls-304410695"
                                >Quantity controls<!-- -->
                              </label>
                              <div
                                class="base-components__BaseElement-sc-1mosoyj-0 styled__Children-sc-16t2b2a-3 oznwo gdJvjO beans-form-group__children"
                              >
                                <div
                                  class="styled__StyledQuantityControlWrapper-vtxwzb-6 LCxOg"
                                >
                                  <label
                                    id="quantity-controls-304410695-label"
                                    class="styled__VisuallyHiddenLabel-vtxwzb-7 gXlLiM"
                                    >Quantity of Tesco Raw Scallops 180G</label
                                  >
                                  <div
                                    class="component__Wrapper-sc-1kpmik-3 dReplG input-wrapper"
                                  >
                                    <input
                                      type="number"
                                      class="base-components__RootElement-sc-1mosoyj-1 styled__StyledInput-sc-1jd5f57-0 component__StyledAsInput-sc-1kpmik-4 jptQqM eJLlow styled__StyledInput-vtxwzb-3 lwMHo beans-quantity-controls__input beans-input"
                                      data-auto="beans-quantity-controls-input"
                                      autocomplete="off"
                                      id="quantity-controls-304410695"
                                      maxlength="2"
                                      name="newValue"
                                      aria-labelledby="quantity-controls-304410695-label"
                                      value="1"
                                    />
                                  </div>
                                </div>
                                <button
                                  class="styled__BaseButton-rsekm1-0 styled__PrimaryButton-rsekm1-2 jChbeY geeWOF styled__StyledButton-vtxwzb-5 japAxb beans-quantity-controls__add-button beans-button__container"
                                  type="submit"
                                  data-auto="beans-quantity-controls-add-button"
                                  aria-label="Quantity of Tesco Raw Scallops 180G"
                                >
                                  <span
                                    class="base-components__BaseElement-sc-1mosoyj-0 styled__InnerContainer-rsekm1-1 oznwo fuFres beans-button__inner-container"
                                    ><span
                                      class="base-components__BaseElement-sc-1mosoyj-0 styled__TextSpan-rsekm1-4 oznwo GDiMp beans-button__text"
                                      >Add</span
                                    ></span
                                  >
                                </button>
                              </div>
                            </div>
                          </div>
                        </div>
                      </div>
                      <input
                        type="hidden"
                        name="_csrf"
                        value="BeMqcJBE-zCJWuNH91oq73jFXs7WkHUAPSZM"
                      />
                    </form>
                  </div>
                </div>
              </div>
            </div>
            <div class="hidden-medium product-info-section-small">
              <div class="product-info-message-list"></div>
            </div>
          </div>
        </div>
      </div>
    </div>
  </li>
  <li class="product-list--list-item">
    <div class="styles__StyledVerticalTileWrapper-dvv1wj-0 dtCNPH">
      <div
        data-auto="product-tile"
        data-auto-type="Quantity"
        data-auto-available="true"
        data-auto-is-restricted-disabled="false"
        data-auto-is-substitute="false"
        class="styles__StyledVerticalTile-dvv1wj-1 gSCsYK"
      >
        <div class="styles__StyledTileContentWrapper-dvv1wj-2 bkNhNP beans">
          <div
            id="tile-307344618"
            data-auto-id="307344618"
            class="styles__StyledTiledContent-dvv1wj-3 bcglTg"
          >
            <a
              href="/groceries/en-GB/products/307344618"
              aria-hidden="true"
              class="product-image-wrapper"
              tabindex="1"
              ><div class="product-image__container">
                <picture
                  ><img
                    class="styled__Image-sjvkdn-0 bJErKA product-image beans-responsive-image__image"
                    src="https://digitalcontent.api.tesco.com/v2/media/ghs/47192f11-bfd4-41cd-81d0-277675e849de/19f0c9b0-a51d-4a16-9ad6-cd2a200d75aa.jpeg?h=225&amp;w=225"
                    srcset="
                      https://digitalcontent.api.tesco.com/v2/media/ghs/47192f11-bfd4-41cd-81d0-277675e849de/19f0c9b0-a51d-4a16-9ad6-cd2a200d75aa.jpeg?h=225&amp;w=225  768w,
                      https://digitalcontent.api.tesco.com/v2/media/ghs/47192f11-bfd4-41cd-81d0-277675e849de/19f0c9b0-a51d-4a16-9ad6-cd2a200d75aa.jpeg?h=225&amp;w=225 4000w
                    "
                    alt="Tesco Seafood Seafood Cocktail Sandwich Filler 250G"
                /></picture></div
            ></a>
            <div class="product-details--wrapper">
              <h3 class="styles__H3-oa5soe-0 bCKNNq">
                <a
                  href="/groceries/en-GB/products/307344618"
                  class="styled__Anchor-sc-1xbujuz-0 csVOnh beans-link__anchor"
                  data-auto="product-tile--title"
                  ><span
                    class="styled__Text-sc-1xbujuz-1 ldbwMG beans-link__text"
                    >Tesco Seafood Seafood Cocktail Sandwich Filler 250G</span
                  ></a
                >
              </h3>
              <div
                class="styles__StyledPromotionsAboveMobile-dvv1wj-7 iPTMuo"
              ></div>
              <div class="styles__StyledProductDetailsContent-dvv1wj-5 ddRSrq">
                <a
                  href="/groceries/en-GB/reviews/submission/307344618?from=%2Fsearch%3Fquery%3Dseafood"
                  aria-label="Write a review for Tesco Seafood Seafood Cocktail Sandwich Filler 250G"
                  class="styled__Anchor-sc-1xbujuz-0 jSzuDt write-a-review-link beans-link__anchor"
                  data-auto="review-link"
                  ><span
                    class="styled__Text-sc-1xbujuz-1 fyDIEo beans-link__text"
                    >Write a review</span
                  ><span
                    class="styled__IconContainer-sc-1xbujuz-2 bSauSL beans-link__icon-container"
                    ><svg
                      aria-hidden="true"
                      class="styled__SVG-xxa4wh-1 hQMCqc beans-link__icon beans-icon__svg"
                      height="13.33"
                      preserveAspectRatio="xMinYMax meet"
                      viewBox="-1 0 12 20"
                      width="8"
                      xmlns="http://www.w3.org/2000/svg"
                      color="currentColor"
                    >
                      <path
                        d="M1.312 1.348L10.276 10l-8.964 8.644"
                        fill="none"
                        stroke="currentColor"
                      ></path></svg></span
                ></a>
                <div>
                  <a
                    href="/groceries/en-GB/shop/fresh-food/fresh-salad-coleslaw-and-sandwich-fillers/sandwich-fillers/sandwich-fillers"
                    class="styled__Anchor-sc-1xbujuz-0 jSzuDt rest-of-shelf-link beans-link__anchor"
                    data-auto="rest-of-shelf-link"
                    ><span
                      class="styled__Text-sc-1xbujuz-1 fyDIEo beans-link__text"
                      >Rest of
                      <span class="visually-hidden">Sandwich Fillers</span>
                      shelf</span
                    ><span
                      class="styled__IconContainer-sc-1xbujuz-2 bSauSL beans-link__icon-container"
                      ><svg
                        aria-hidden="true"
                        class="styled__SVG-xxa4wh-1 hQMCqc beans-link__icon beans-icon__svg"
                        height="13.33"
                        preserveAspectRatio="xMinYMax meet"
                        viewBox="-1 0 12 20"
                        width="8"
                        xmlns="http://www.w3.org/2000/svg"
                        color="currentColor"
                      >
                        <path
                          d="M1.312 1.348L10.276 10l-8.964 8.644"
                          fill="none"
                          stroke="currentColor"
                        ></path></svg></span
                  ></a>
                </div>
                <div class="product-info-message-section">
                  <div class="product-info-message-list"></div>
                </div>
              </div>
              <div class="styles__StyledBuyBoxWrapper-dvv1wj-4 dSvjUC">
                <div
                  class="styles__StyledBuyBoxContainer-sc-1wx0qp6-0 erryje"
                  data-auto="buybox-container"
                >
                  <div class="styles__SafeFormWrapper-jtpu2t-0 lcrYKS">
                    <form
                      action="/groceries/en-GB/trolley/items/307344618?_method=PUT"
                      method="POST"
                    >
                      <input type="submit" class="hidden" /><input
                        type="hidden"
                        name="id"
                        value="307344618"
                      /><input
                        type="hidden"
                        name="identifier"
                        value="Page"
                      /><input
                        type="hidden"
                        name="anchorId"
                        value="#tile-307344618"
                      /><input
                        type="hidden"
                        name="returnUrl"
                        value="/groceries/en-GB/search?query=seafood&amp;redirectIfUnavailable=true#tile-307344618"
                      /><input type="hidden" name="backToUrl" value="#" /><input
                        type="hidden"
                        name="oldValue"
                        value="0"
                      /><input
                        type="hidden"
                        name="oldUnitChoice"
                        value="pcs"
                      /><input type="hidden" name="newUnitChoice" value="pcs" />
                      <div
                        class="base-components__RootElement-sc-1mosoyj-1 styled__Container-sc-6nhkzi-0 jptQqM hSNpTb beans-buybox__container"
                      >
                        <div
                          class="base-components__BaseElement-sc-1mosoyj-0 styled__PriceAndActions-sc-6nhkzi-3 oznwo eEPLov beans-buybox__price-and-actions"
                        >
                          <div
                            class="base-components__RootElement-sc-1mosoyj-1 styled__Container-sc-8qlq5b-0 jptQqM bgZrjw styled__StyledPrice-sc-6nhkzi-5 iYHeik beans-buybox__price beans-price__container"
                          >
                            <p
                              class="styled__StyledHeading-sc-119w3hf-2 jWPEtj styled__Text-sc-8qlq5b-1 lnaeiZ beans-price__text"
                            >
                              £1.85
                            </p>
                            <p
                              class="styled__StyledFootnote-sc-119w3hf-7 icrlVF styled__Subtext-sc-8qlq5b-2 bNJmdc beans-price__subtext"
                            >
                              £0.74/100g
                            </p>
                          </div>
                          <div
                            class="base-components__RootElement-sc-1mosoyj-1 styled__Container-vtxwzb-0 jptQqM bDFhXJ beans-buybox__actions beans-quantity-controls__container"
                          >
                            <div
                              class="base-components__RootElement-sc-1mosoyj-1 styled__Container-sc-16t2b2a-0 jptQqM PUfgZ styled__StyledFormGroup-vtxwzb-1 kzKuAr beans-quantity-controls__form-group beans-form-group__container"
                            >
                              <label
                                class="styled__StyledLabel-sc-1ttuvhr-0 izGEjV beans-form-group__label beans-label"
                                for="quantity-controls-307344618"
                                >Quantity controls<!-- -->
                              </label>
                              <div
                                class="base-components__BaseElement-sc-1mosoyj-0 styled__Children-sc-16t2b2a-3 oznwo gdJvjO beans-form-group__children"
                              >
                                <div
                                  class="styled__StyledQuantityControlWrapper-vtxwzb-6 LCxOg"
                                >
                                  <label
                                    id="quantity-controls-307344618-label"
                                    class="styled__VisuallyHiddenLabel-vtxwzb-7 gXlLiM"
                                    >Quantity of Tesco Seafood Seafood Cocktail
                                    Sandwich Filler 250G</label
                                  >
                                  <div
                                    class="component__Wrapper-sc-1kpmik-3 dReplG input-wrapper"
                                  >
                                    <input
                                      type="number"
                                      class="base-components__RootElement-sc-1mosoyj-1 styled__StyledInput-sc-1jd5f57-0 component__StyledAsInput-sc-1kpmik-4 jptQqM eJLlow styled__StyledInput-vtxwzb-3 lwMHo beans-quantity-controls__input beans-input"
                                      data-auto="beans-quantity-controls-input"
                                      autocomplete="off"
                                      id="quantity-controls-307344618"
                                      maxlength="2"
                                      name="newValue"
                                      aria-labelledby="quantity-controls-307344618-label"
                                      value="1"
                                    />
                                  </div>
                                </div>
                                <button
                                  class="styled__BaseButton-rsekm1-0 styled__PrimaryButton-rsekm1-2 jChbeY geeWOF styled__StyledButton-vtxwzb-5 japAxb beans-quantity-controls__add-button beans-button__container"
                                  type="submit"
                                  data-auto="beans-quantity-controls-add-button"
                                  aria-label="Quantity of Tesco Seafood Seafood Cocktail Sandwich Filler 250G"
                                >
                                  <span
                                    class="base-components__BaseElement-sc-1mosoyj-0 styled__InnerContainer-rsekm1-1 oznwo fuFres beans-button__inner-container"
                                    ><span
                                      class="base-components__BaseElement-sc-1mosoyj-0 styled__TextSpan-rsekm1-4 oznwo GDiMp beans-button__text"
                                      >Add</span
                                    ></span
                                  >
                                </button>
                              </div>
                            </div>
                          </div>
                        </div>
                      </div>
                      <input
                        type="hidden"
                        name="_csrf"
                        value="BeMqcJBE-zCJWuNH91oq73jFXs7WkHUAPSZM"
                      />
                    </form>
                  </div>
                </div>
              </div>
            </div>
            <div class="hidden-medium product-info-section-small">
              <div class="product-info-message-list"></div>
            </div>
          </div>
        </div>
      </div>
    </div>
  </li>
  <li class="product-list--list-item">
    <div class="styles__StyledVerticalTileWrapper-dvv1wj-0 dtCNPH">
      <p class="styled__FlashSashContent-sc-9znnul-0 dYgYXb">
        <strong class="styled__FlashSashText-sc-9znnul-1 ggeHk">New</strong>
      </p>
      <div
        data-auto="product-tile"
        data-auto-type="Quantity"
        data-auto-available="true"
        data-auto-is-restricted-disabled="false"
        data-auto-is-substitute="false"
        class="styles__StyledVerticalTile-dvv1wj-1 gSCsYK"
      >
        <div class="styles__StyledTileContentWrapper-dvv1wj-2 bkNhNP beans">
          <div
            id="tile-312849884"
            data-auto-id="312849884"
            class="styles__StyledTiledContent-dvv1wj-3 bcglTg"
          >
            <a
              href="/groceries/en-GB/products/312849884"
              aria-hidden="true"
              class="product-image-wrapper"
              tabindex="1"
              ><div class="product-image__container">
                <picture
                  ><img
                    class="styled__Image-sjvkdn-0 bJErKA product-image beans-responsive-image__image"
                    src="https://digitalcontent.api.tesco.com/v2/media/ghs/cf67903c-6c51-4f73-bdbf-1ab9e1d1c8ac/a9e0f192-33bc-46c1-8876-159af65529e4.jpeg?h=225&amp;w=225"
                    srcset="
                      https://digitalcontent.api.tesco.com/v2/media/ghs/cf67903c-6c51-4f73-bdbf-1ab9e1d1c8ac/a9e0f192-33bc-46c1-8876-159af65529e4.jpeg?h=225&amp;w=225  768w,
                      https://digitalcontent.api.tesco.com/v2/media/ghs/cf67903c-6c51-4f73-bdbf-1ab9e1d1c8ac/a9e0f192-33bc-46c1-8876-159af65529e4.jpeg?h=225&amp;w=225 4000w
                    "
                    alt="The Mussel Shack Cooked Seafood Selection 240G"
                /></picture></div
            ></a>
            <div class="product-details--wrapper">
              <h3 class="styles__H3-oa5soe-0 bCKNNq">
                <a
                  href="/groceries/en-GB/products/312849884"
                  class="styled__Anchor-sc-1xbujuz-0 csVOnh beans-link__anchor"
                  data-auto="product-tile--title"
                  ><span
                    class="styled__Text-sc-1xbujuz-1 ldbwMG beans-link__text"
                    >The Mussel Shack Cooked Seafood Selection 240G</span
                  ></a
                >
              </h3>
              <div
                class="styles__StyledPromotionsAboveMobile-dvv1wj-7 iPTMuo"
              ></div>
              <div class="styles__StyledProductDetailsContent-dvv1wj-5 ddRSrq">
                <a
                  href="/groceries/en-GB/reviews/submission/312849884?from=%2Fsearch%3Fquery%3Dseafood"
                  aria-label="Write a review for The Mussel Shack Cooked Seafood Selection 240G"
                  class="styled__Anchor-sc-1xbujuz-0 jSzuDt write-a-review-link beans-link__anchor"
                  data-auto="review-link"
                  ><span
                    class="styled__Text-sc-1xbujuz-1 fyDIEo beans-link__text"
                    >Write a review</span
                  ><span
                    class="styled__IconContainer-sc-1xbujuz-2 bSauSL beans-link__icon-container"
                    ><svg
                      aria-hidden="true"
                      class="styled__SVG-xxa4wh-1 hQMCqc beans-link__icon beans-icon__svg"
                      height="13.33"
                      preserveAspectRatio="xMinYMax meet"
                      viewBox="-1 0 12 20"
                      width="8"
                      xmlns="http://www.w3.org/2000/svg"
                      color="currentColor"
                    >
                      <path
                        d="M1.312 1.348L10.276 10l-8.964 8.644"
                        fill="none"
                        stroke="currentColor"
                      ></path></svg></span
                ></a>
                <div>
                  <a
                    href="/groceries/en-GB/shop/fresh-food/chilled-fish-and-seafood/prawns-and-seafood/mussels"
                    class="styled__Anchor-sc-1xbujuz-0 jSzuDt rest-of-shelf-link beans-link__anchor"
                    data-auto="rest-of-shelf-link"
                    ><span
                      class="styled__Text-sc-1xbujuz-1 fyDIEo beans-link__text"
                      >Rest of
                      <span class="visually-hidden">Mussels</span> shelf</span
                    ><span
                      class="styled__IconContainer-sc-1xbujuz-2 bSauSL beans-link__icon-container"
                      ><svg
                        aria-hidden="true"
                        class="styled__SVG-xxa4wh-1 hQMCqc beans-link__icon beans-icon__svg"
                        height="13.33"
                        preserveAspectRatio="xMinYMax meet"
                        viewBox="-1 0 12 20"
                        width="8"
                        xmlns="http://www.w3.org/2000/svg"
                        color="currentColor"
                      >
                        <path
                          d="M1.312 1.348L10.276 10l-8.964 8.644"
                          fill="none"
                          stroke="currentColor"
                        ></path></svg></span
                  ></a>
                </div>
                <div class="product-info-message-section">
                  <div class="product-info-message-list"></div>
                </div>
              </div>
              <div class="styles__StyledBuyBoxWrapper-dvv1wj-4 dSvjUC">
                <div
                  class="styles__StyledBuyBoxContainer-sc-1wx0qp6-0 erryje"
                  data-auto="buybox-container"
                >
                  <div class="styles__SafeFormWrapper-jtpu2t-0 lcrYKS">
                    <form
                      action="/groceries/en-GB/trolley/items/312849884?_method=PUT"
                      method="POST"
                    >
                      <input type="submit" class="hidden" /><input
                        type="hidden"
                        name="id"
                        value="312849884"
                      /><input
                        type="hidden"
                        name="identifier"
                        value="Page"
                      /><input
                        type="hidden"
                        name="anchorId"
                        value="#tile-312849884"
                      /><input
                        type="hidden"
                        name="returnUrl"
                        value="/groceries/en-GB/search?query=seafood&amp;redirectIfUnavailable=true#tile-312849884"
                      /><input type="hidden" name="backToUrl" value="#" /><input
                        type="hidden"
                        name="oldValue"
                        value="0"
                      /><input
                        type="hidden"
                        name="oldUnitChoice"
                        value="pcs"
                      /><input type="hidden" name="newUnitChoice" value="pcs" />
                      <div
                        class="base-components__RootElement-sc-1mosoyj-1 styled__Container-sc-6nhkzi-0 jptQqM hSNpTb beans-buybox__container"
                      >
                        <div
                          class="base-components__BaseElement-sc-1mosoyj-0 styled__PriceAndActions-sc-6nhkzi-3 oznwo eEPLov beans-buybox__price-and-actions"
                        >
                          <div
                            class="base-components__RootElement-sc-1mosoyj-1 styled__Container-sc-8qlq5b-0 jptQqM bgZrjw styled__StyledPrice-sc-6nhkzi-5 iYHeik beans-buybox__price beans-price__container"
                          >
                            <p
                              class="styled__StyledHeading-sc-119w3hf-2 jWPEtj styled__Text-sc-8qlq5b-1 lnaeiZ beans-price__text"
                            >
                              £3.50
                            </p>
                            <p
                              class="styled__StyledFootnote-sc-119w3hf-7 icrlVF styled__Subtext-sc-8qlq5b-2 bNJmdc beans-price__subtext"
                            >
                              £1.46/100g
                            </p>
                          </div>
                          <div
                            class="base-components__RootElement-sc-1mosoyj-1 styled__Container-vtxwzb-0 jptQqM bDFhXJ beans-buybox__actions beans-quantity-controls__container"
                          >
                            <div
                              class="base-components__RootElement-sc-1mosoyj-1 styled__Container-sc-16t2b2a-0 jptQqM PUfgZ styled__StyledFormGroup-vtxwzb-1 kzKuAr beans-quantity-controls__form-group beans-form-group__container"
                            >
                              <label
                                class="styled__StyledLabel-sc-1ttuvhr-0 izGEjV beans-form-group__label beans-label"
                                for="quantity-controls-312849884"
                                >Quantity controls<!-- -->
                              </label>
                              <div
                                class="base-components__BaseElement-sc-1mosoyj-0 styled__Children-sc-16t2b2a-3 oznwo gdJvjO beans-form-group__children"
                              >
                                <div
                                  class="styled__StyledQuantityControlWrapper-vtxwzb-6 LCxOg"
                                >
                                  <label
                                    id="quantity-controls-312849884-label"
                                    class="styled__VisuallyHiddenLabel-vtxwzb-7 gXlLiM"
                                    >Quantity of The Mussel Shack Cooked Seafood
                                    Selection 240G</label
                                  >
                                  <div
                                    class="component__Wrapper-sc-1kpmik-3 dReplG input-wrapper"
                                  >
                                    <input
                                      type="number"
                                      class="base-components__RootElement-sc-1mosoyj-1 styled__StyledInput-sc-1jd5f57-0 component__StyledAsInput-sc-1kpmik-4 jptQqM eJLlow styled__StyledInput-vtxwzb-3 lwMHo beans-quantity-controls__input beans-input"
                                      data-auto="beans-quantity-controls-input"
                                      autocomplete="off"
                                      id="quantity-controls-312849884"
                                      maxlength="2"
                                      name="newValue"
                                      aria-labelledby="quantity-controls-312849884-label"
                                      value="1"
                                    />
                                  </div>
                                </div>
                                <button
                                  class="styled__BaseButton-rsekm1-0 styled__PrimaryButton-rsekm1-2 jChbeY geeWOF styled__StyledButton-vtxwzb-5 japAxb beans-quantity-controls__add-button beans-button__container"
                                  type="submit"
                                  data-auto="beans-quantity-controls-add-button"
                                  aria-label="Quantity of The Mussel Shack Cooked Seafood Selection 240G"
                                >
                                  <span
                                    class="base-components__BaseElement-sc-1mosoyj-0 styled__InnerContainer-rsekm1-1 oznwo fuFres beans-button__inner-container"
                                    ><span
                                      class="base-components__BaseElement-sc-1mosoyj-0 styled__TextSpan-rsekm1-4 oznwo GDiMp beans-button__text"
                                      >Add</span
                                    ></span
                                  >
                                </button>
                              </div>
                            </div>
                          </div>
                        </div>
                      </div>
                      <input
                        type="hidden"
                        name="_csrf"
                        value="BeMqcJBE-zCJWuNH91oq73jFXs7WkHUAPSZM"
                      />
                    </form>
                  </div>
                </div>
              </div>
            </div>
            <div class="hidden-medium product-info-section-small">
              <div class="product-info-message-list"></div>
            </div>
          </div>
        </div>
      </div>
    </div>
  </li>
  <li class="product-list--list-item">
    <div class="styles__StyledVerticalTileWrapper-dvv1wj-0 dtCNPH">
      <div
        data-auto="product-tile"
        data-auto-type="Quantity"
        data-auto-available="true"
        data-auto-is-restricted-disabled="false"
        data-auto-is-substitute="false"
        class="styles__StyledVerticalTile-dvv1wj-1 gSCsYK"
      >
        <div class="styles__StyledTileContentWrapper-dvv1wj-2 bkNhNP beans">
          <div
            id="tile-305253723"
            data-auto-id="305253723"
            class="styles__StyledTiledContent-dvv1wj-3 bcglTg"
          >
            <a
              href="/groceries/en-GB/products/305253723"
              aria-hidden="true"
              class="product-image-wrapper"
              tabindex="1"
              ><div class="product-image__container">
                <picture
                  ><img
                    class="styled__Image-sjvkdn-0 bJErKA product-image beans-responsive-image__image"
                    src="https://digitalcontent.api.tesco.com/v2/media/ghs/5df2e776-a0f2-40ba-accf-2748912d9c3f/fe5bc6ba-f0ef-4779-920c-40c34a5d6f13_1007620446.jpeg?h=225&amp;w=225"
                    srcset="
                      https://digitalcontent.api.tesco.com/v2/media/ghs/5df2e776-a0f2-40ba-accf-2748912d9c3f/fe5bc6ba-f0ef-4779-920c-40c34a5d6f13_1007620446.jpeg?h=225&amp;w=225  768w,
                      https://digitalcontent.api.tesco.com/v2/media/ghs/5df2e776-a0f2-40ba-accf-2748912d9c3f/fe5bc6ba-f0ef-4779-920c-40c34a5d6f13_1007620446.jpeg?h=225&amp;w=225 4000w
                    "
                    alt="Tesco Seafood Sauce 250Ml"
                /></picture></div
            ></a>
            <div class="product-details--wrapper">
              <h3 class="styles__H3-oa5soe-0 bCKNNq">
                <a
                  href="/groceries/en-GB/products/305253723"
                  class="styled__Anchor-sc-1xbujuz-0 csVOnh beans-link__anchor"
                  data-auto="product-tile--title"
                  ><span
                    class="styled__Text-sc-1xbujuz-1 ldbwMG beans-link__text"
                    >Tesco Seafood Sauce 250Ml</span
                  ></a
                >
              </h3>
              <div
                class="styles__StyledPromotionsAboveMobile-dvv1wj-7 iPTMuo"
              ></div>
              <div class="styles__StyledProductDetailsContent-dvv1wj-5 ddRSrq">
                <a
                  href="/groceries/en-GB/reviews/submission/305253723?from=%2Fsearch%3Fquery%3Dseafood"
                  aria-label="Write a review for Tesco Seafood Sauce 250Ml"
                  class="styled__Anchor-sc-1xbujuz-0 jSzuDt write-a-review-link beans-link__anchor"
                  data-auto="review-link"
                  ><span
                    class="styled__Text-sc-1xbujuz-1 fyDIEo beans-link__text"
                    >Write a review</span
                  ><span
                    class="styled__IconContainer-sc-1xbujuz-2 bSauSL beans-link__icon-container"
                    ><svg
                      aria-hidden="true"
                      class="styled__SVG-xxa4wh-1 hQMCqc beans-link__icon beans-icon__svg"
                      height="13.33"
                      preserveAspectRatio="xMinYMax meet"
                      viewBox="-1 0 12 20"
                      width="8"
                      xmlns="http://www.w3.org/2000/svg"
                      color="currentColor"
                    >
                      <path
                        d="M1.312 1.348L10.276 10l-8.964 8.644"
                        fill="none"
                        stroke="currentColor"
                      ></path></svg></span
                ></a>
                <div>
                  <a
                    href="/groceries/en-GB/shop/food-cupboard/table-sauces-olives-pickles-and-chutney/condiments-worcestershire-and-soy-sauce/seafood-sauce"
                    class="styled__Anchor-sc-1xbujuz-0 jSzuDt rest-of-shelf-link beans-link__anchor"
                    data-auto="rest-of-shelf-link"
                    ><span
                      class="styled__Text-sc-1xbujuz-1 fyDIEo beans-link__text"
                      >Rest of
                      <span class="visually-hidden">Seafood Sauce</span>
                      shelf</span
                    ><span
                      class="styled__IconContainer-sc-1xbujuz-2 bSauSL beans-link__icon-container"
                      ><svg
                        aria-hidden="true"
                        class="styled__SVG-xxa4wh-1 hQMCqc beans-link__icon beans-icon__svg"
                        height="13.33"
                        preserveAspectRatio="xMinYMax meet"
                        viewBox="-1 0 12 20"
                        width="8"
                        xmlns="http://www.w3.org/2000/svg"
                        color="currentColor"
                      >
                        <path
                          d="M1.312 1.348L10.276 10l-8.964 8.644"
                          fill="none"
                          stroke="currentColor"
                        ></path></svg></span
                  ></a>
                </div>
                <div class="product-info-message-section">
                  <div class="product-info-message-list"></div>
                </div>
              </div>
              <div class="styles__StyledBuyBoxWrapper-dvv1wj-4 dSvjUC">
                <div
                  class="styles__StyledBuyBoxContainer-sc-1wx0qp6-0 erryje"
                  data-auto="buybox-container"
                >
                  <div class="styles__SafeFormWrapper-jtpu2t-0 lcrYKS">
                    <form
                      action="/groceries/en-GB/trolley/items/305253723?_method=PUT"
                      method="POST"
                    >
                      <input type="submit" class="hidden" /><input
                        type="hidden"
                        name="id"
                        value="305253723"
                      /><input
                        type="hidden"
                        name="identifier"
                        value="Page"
                      /><input
                        type="hidden"
                        name="anchorId"
                        value="#tile-305253723"
                      /><input
                        type="hidden"
                        name="returnUrl"
                        value="/groceries/en-GB/search?query=seafood&amp;redirectIfUnavailable=true#tile-305253723"
                      /><input type="hidden" name="backToUrl" value="#" /><input
                        type="hidden"
                        name="oldValue"
                        value="0"
                      /><input
                        type="hidden"
                        name="oldUnitChoice"
                        value="pcs"
                      /><input type="hidden" name="newUnitChoice" value="pcs" />
                      <div
                        class="base-components__RootElement-sc-1mosoyj-1 styled__Container-sc-6nhkzi-0 jptQqM hSNpTb beans-buybox__container"
                      >
                        <div
                          class="base-components__BaseElement-sc-1mosoyj-0 styled__PriceAndActions-sc-6nhkzi-3 oznwo eEPLov beans-buybox__price-and-actions"
                        >
                          <div
                            class="base-components__RootElement-sc-1mosoyj-1 styled__Container-sc-8qlq5b-0 jptQqM bgZrjw styled__StyledPrice-sc-6nhkzi-5 iYHeik beans-buybox__price beans-price__container"
                          >
                            <p
                              class="styled__StyledHeading-sc-119w3hf-2 jWPEtj styled__Text-sc-8qlq5b-1 lnaeiZ beans-price__text"
                            >
                              £1.10
                            </p>
                            <p
                              class="styled__StyledFootnote-sc-119w3hf-7 icrlVF styled__Subtext-sc-8qlq5b-2 bNJmdc beans-price__subtext"
                            >
                              £0.44/100ml
                            </p>
                          </div>
                          <div
                            class="base-components__RootElement-sc-1mosoyj-1 styled__Container-vtxwzb-0 jptQqM bDFhXJ beans-buybox__actions beans-quantity-controls__container"
                          >
                            <div
                              class="base-components__RootElement-sc-1mosoyj-1 styled__Container-sc-16t2b2a-0 jptQqM PUfgZ styled__StyledFormGroup-vtxwzb-1 kzKuAr beans-quantity-controls__form-group beans-form-group__container"
                            >
                              <label
                                class="styled__StyledLabel-sc-1ttuvhr-0 izGEjV beans-form-group__label beans-label"
                                for="quantity-controls-305253723"
                                >Quantity controls<!-- -->
                              </label>
                              <div
                                class="base-components__BaseElement-sc-1mosoyj-0 styled__Children-sc-16t2b2a-3 oznwo gdJvjO beans-form-group__children"
                              >
                                <div
                                  class="styled__StyledQuantityControlWrapper-vtxwzb-6 LCxOg"
                                >
                                  <label
                                    id="quantity-controls-305253723-label"
                                    class="styled__VisuallyHiddenLabel-vtxwzb-7 gXlLiM"
                                    >Quantity of Tesco Seafood Sauce
                                    250Ml</label
                                  >
                                  <div
                                    class="component__Wrapper-sc-1kpmik-3 dReplG input-wrapper"
                                  >
                                    <input
                                      type="number"
                                      class="base-components__RootElement-sc-1mosoyj-1 styled__StyledInput-sc-1jd5f57-0 component__StyledAsInput-sc-1kpmik-4 jptQqM eJLlow styled__StyledInput-vtxwzb-3 lwMHo beans-quantity-controls__input beans-input"
                                      data-auto="beans-quantity-controls-input"
                                      autocomplete="off"
                                      id="quantity-controls-305253723"
                                      maxlength="2"
                                      name="newValue"
                                      aria-labelledby="quantity-controls-305253723-label"
                                      value="1"
                                    />
                                  </div>
                                </div>
                                <button
                                  class="styled__BaseButton-rsekm1-0 styled__PrimaryButton-rsekm1-2 jChbeY geeWOF styled__StyledButton-vtxwzb-5 japAxb beans-quantity-controls__add-button beans-button__container"
                                  type="submit"
                                  data-auto="beans-quantity-controls-add-button"
                                  aria-label="Quantity of Tesco Seafood Sauce 250Ml"
                                >
                                  <span
                                    class="base-components__BaseElement-sc-1mosoyj-0 styled__InnerContainer-rsekm1-1 oznwo fuFres beans-button__inner-container"
                                    ><span
                                      class="base-components__BaseElement-sc-1mosoyj-0 styled__TextSpan-rsekm1-4 oznwo GDiMp beans-button__text"
                                      >Add</span
                                    ></span
                                  >
                                </button>
                              </div>
                            </div>
                          </div>
                        </div>
                      </div>
                      <input
                        type="hidden"
                        name="_csrf"
                        value="BeMqcJBE-zCJWuNH91oq73jFXs7WkHUAPSZM"
                      />
                    </form>
                  </div>
                </div>
              </div>
            </div>
            <div class="hidden-medium product-info-section-small">
              <div class="product-info-message-list"></div>
            </div>
          </div>
        </div>
      </div>
    </div>
  </li>
  <li class="product-list--list-item">
    <div class="styles__StyledVerticalTileWrapper-dvv1wj-0 dtCNPH">
      <div
        data-auto="product-tile"
        data-auto-type="Quantity"
        data-auto-available="true"
        data-auto-is-restricted-disabled="false"
        data-auto-is-substitute="false"
        class="styles__StyledVerticalTile-dvv1wj-1 gSCsYK"
      >
        <div class="styles__StyledTileContentWrapper-dvv1wj-2 bkNhNP beans">
          <div
            id="tile-296186840"
            data-auto-id="296186840"
            class="styles__StyledTiledContent-dvv1wj-3 bcglTg"
          >
            <a
              href="/groceries/en-GB/products/296186840"
              aria-hidden="true"
              class="product-image-wrapper"
              tabindex="1"
              ><div class="product-image__container">
                <picture
                  ><img
                    class="styled__Image-sjvkdn-0 bJErKA product-image beans-responsive-image__image"
                    src="https://digitalcontent.api.tesco.com/v2/media/ghs/24519c3c-0000-4e9e-bc9c-9f1551a54524/bb8894fe-826e-417f-9235-0f2e8c883559_535768344.jpeg?h=225&amp;w=225"
                    srcset="
                      https://digitalcontent.api.tesco.com/v2/media/ghs/24519c3c-0000-4e9e-bc9c-9f1551a54524/bb8894fe-826e-417f-9235-0f2e8c883559_535768344.jpeg?h=225&amp;w=225  768w,
                      https://digitalcontent.api.tesco.com/v2/media/ghs/24519c3c-0000-4e9e-bc9c-9f1551a54524/bb8894fe-826e-417f-9235-0f2e8c883559_535768344.jpeg?h=225&amp;w=225 4000w
                    "
                    alt="Colman's Seafood Sauce 155G"
                /></picture></div
            ></a>
            <div class="product-details--wrapper">
              <h3 class="styles__H3-oa5soe-0 bCKNNq">
                <a
                  href="/groceries/en-GB/products/296186840"
                  class="styled__Anchor-sc-1xbujuz-0 csVOnh beans-link__anchor"
                  data-auto="product-tile--title"
                  ><span
                    class="styled__Text-sc-1xbujuz-1 ldbwMG beans-link__text"
                    >Colman's Seafood Sauce 155G</span
                  ></a
                >
              </h3>
              <div
                class="styles__StyledPromotionsAboveMobile-dvv1wj-7 iPTMuo"
              ></div>
              <div class="styles__StyledProductDetailsContent-dvv1wj-5 ddRSrq">
                <a
                  href="/groceries/en-GB/reviews/submission/296186840?from=%2Fsearch%3Fquery%3Dseafood"
                  aria-label="Write a review for Colman's Seafood Sauce 155G"
                  class="styled__Anchor-sc-1xbujuz-0 jSzuDt write-a-review-link beans-link__anchor"
                  data-auto="review-link"
                  ><span
                    class="styled__Text-sc-1xbujuz-1 fyDIEo beans-link__text"
                    >Write a review</span
                  ><span
                    class="styled__IconContainer-sc-1xbujuz-2 bSauSL beans-link__icon-container"
                    ><svg
                      aria-hidden="true"
                      class="styled__SVG-xxa4wh-1 hQMCqc beans-link__icon beans-icon__svg"
                      height="13.33"
                      preserveAspectRatio="xMinYMax meet"
                      viewBox="-1 0 12 20"
                      width="8"
                      xmlns="http://www.w3.org/2000/svg"
                      color="currentColor"
                    >
                      <path
                        d="M1.312 1.348L10.276 10l-8.964 8.644"
                        fill="none"
                        stroke="currentColor"
                      ></path></svg></span
                ></a>
                <div>
                  <a
                    href="/groceries/en-GB/shop/food-cupboard/table-sauces-olives-pickles-and-chutney/condiments-worcestershire-and-soy-sauce/seafood-sauce"
                    class="styled__Anchor-sc-1xbujuz-0 jSzuDt rest-of-shelf-link beans-link__anchor"
                    data-auto="rest-of-shelf-link"
                    ><span
                      class="styled__Text-sc-1xbujuz-1 fyDIEo beans-link__text"
                      >Rest of
                      <span class="visually-hidden">Seafood Sauce</span>
                      shelf</span
                    ><span
                      class="styled__IconContainer-sc-1xbujuz-2 bSauSL beans-link__icon-container"
                      ><svg
                        aria-hidden="true"
                        class="styled__SVG-xxa4wh-1 hQMCqc beans-link__icon beans-icon__svg"
                        height="13.33"
                        preserveAspectRatio="xMinYMax meet"
                        viewBox="-1 0 12 20"
                        width="8"
                        xmlns="http://www.w3.org/2000/svg"
                        color="currentColor"
                      >
                        <path
                          d="M1.312 1.348L10.276 10l-8.964 8.644"
                          fill="none"
                          stroke="currentColor"
                        ></path></svg></span
                  ></a>
                </div>
                <div class="product-info-message-section">
                  <div class="product-info-message-list"></div>
                </div>
              </div>
              <div class="styles__StyledBuyBoxWrapper-dvv1wj-4 dSvjUC">
                <div
                  class="styles__StyledBuyBoxContainer-sc-1wx0qp6-0 erryje"
                  data-auto="buybox-container"
                >
                  <div class="styles__SafeFormWrapper-jtpu2t-0 lcrYKS">
                    <form
                      action="/groceries/en-GB/trolley/items/296186840?_method=PUT"
                      method="POST"
                    >
                      <input type="submit" class="hidden" /><input
                        type="hidden"
                        name="id"
                        value="296186840"
                      /><input
                        type="hidden"
                        name="identifier"
                        value="Page"
                      /><input
                        type="hidden"
                        name="anchorId"
                        value="#tile-296186840"
                      /><input
                        type="hidden"
                        name="returnUrl"
                        value="/groceries/en-GB/search?query=seafood&amp;redirectIfUnavailable=true#tile-296186840"
                      /><input type="hidden" name="backToUrl" value="#" /><input
                        type="hidden"
                        name="oldValue"
                        value="0"
                      /><input
                        type="hidden"
                        name="oldUnitChoice"
                        value="pcs"
                      /><input type="hidden" name="newUnitChoice" value="pcs" />
                      <div
                        class="base-components__RootElement-sc-1mosoyj-1 styled__Container-sc-6nhkzi-0 jptQqM hSNpTb beans-buybox__container"
                      >
                        <div
                          class="base-components__BaseElement-sc-1mosoyj-0 styled__PriceAndActions-sc-6nhkzi-3 oznwo eEPLov beans-buybox__price-and-actions"
                        >
                          <div
                            class="base-components__RootElement-sc-1mosoyj-1 styled__Container-sc-8qlq5b-0 jptQqM bgZrjw styled__StyledPrice-sc-6nhkzi-5 iYHeik beans-buybox__price beans-price__container"
                          >
                            <p
                              class="styled__StyledHeading-sc-119w3hf-2 jWPEtj styled__Text-sc-8qlq5b-1 lnaeiZ beans-price__text"
                            >
                              £1.50
                            </p>
                            <p
                              class="styled__StyledFootnote-sc-119w3hf-7 icrlVF styled__Subtext-sc-8qlq5b-2 bNJmdc beans-price__subtext"
                            >
                              £0.97/100g
                            </p>
                          </div>
                          <div
                            class="base-components__RootElement-sc-1mosoyj-1 styled__Container-vtxwzb-0 jptQqM bDFhXJ beans-buybox__actions beans-quantity-controls__container"
                          >
                            <div
                              class="base-components__RootElement-sc-1mosoyj-1 styled__Container-sc-16t2b2a-0 jptQqM PUfgZ styled__StyledFormGroup-vtxwzb-1 kzKuAr beans-quantity-controls__form-group beans-form-group__container"
                            >
                              <label
                                class="styled__StyledLabel-sc-1ttuvhr-0 izGEjV beans-form-group__label beans-label"
                                for="quantity-controls-296186840"
                                >Quantity controls<!-- -->
                              </label>
                              <div
                                class="base-components__BaseElement-sc-1mosoyj-0 styled__Children-sc-16t2b2a-3 oznwo gdJvjO beans-form-group__children"
                              >
                                <div
                                  class="styled__StyledQuantityControlWrapper-vtxwzb-6 LCxOg"
                                >
                                  <label
                                    id="quantity-controls-296186840-label"
                                    class="styled__VisuallyHiddenLabel-vtxwzb-7 gXlLiM"
                                    >Quantity of Colman's Seafood Sauce
                                    155G</label
                                  >
                                  <div
                                    class="component__Wrapper-sc-1kpmik-3 dReplG input-wrapper"
                                  >
                                    <input
                                      type="number"
                                      class="base-components__RootElement-sc-1mosoyj-1 styled__StyledInput-sc-1jd5f57-0 component__StyledAsInput-sc-1kpmik-4 jptQqM eJLlow styled__StyledInput-vtxwzb-3 lwMHo beans-quantity-controls__input beans-input"
                                      data-auto="beans-quantity-controls-input"
                                      autocomplete="off"
                                      id="quantity-controls-296186840"
                                      maxlength="2"
                                      name="newValue"
                                      aria-labelledby="quantity-controls-296186840-label"
                                      value="1"
                                    />
                                  </div>
                                </div>
                                <button
                                  class="styled__BaseButton-rsekm1-0 styled__PrimaryButton-rsekm1-2 jChbeY geeWOF styled__StyledButton-vtxwzb-5 japAxb beans-quantity-controls__add-button beans-button__container"
                                  type="submit"
                                  data-auto="beans-quantity-controls-add-button"
                                  aria-label="Quantity of Colman's Seafood Sauce 155G"
                                >
                                  <span
                                    class="base-components__BaseElement-sc-1mosoyj-0 styled__InnerContainer-rsekm1-1 oznwo fuFres beans-button__inner-container"
                                    ><span
                                      class="base-components__BaseElement-sc-1mosoyj-0 styled__TextSpan-rsekm1-4 oznwo GDiMp beans-button__text"
                                      >Add</span
                                    ></span
                                  >
                                </button>
                              </div>
                            </div>
                          </div>
                        </div>
                      </div>
                      <input
                        type="hidden"
                        name="_csrf"
                        value="BeMqcJBE-zCJWuNH91oq73jFXs7WkHUAPSZM"
                      />
                    </form>
                  </div>
                </div>
              </div>
            </div>
            <div class="hidden-medium product-info-section-small">
              <div class="product-info-message-list"></div>
            </div>
          </div>
        </div>
      </div>
    </div>
  </li>
  <li class="product-list--list-item">
    <div class="styles__StyledVerticalTileWrapper-dvv1wj-0 dtCNPH">
      <div
        data-auto="product-tile"
        data-auto-type="Quantity"
        data-auto-available="true"
        data-auto-is-restricted-disabled="false"
        data-auto-is-substitute="false"
        class="styles__StyledVerticalTile-dvv1wj-1 gSCsYK"
      >
        <div class="styles__StyledTileContentWrapper-dvv1wj-2 bkNhNP beans">
          <div
            id="tile-305961288"
            data-auto-id="305961288"
            class="styles__StyledTiledContent-dvv1wj-3 bcglTg"
          >
            <a
              href="/groceries/en-GB/products/305961288"
              aria-hidden="true"
              class="product-image-wrapper"
              tabindex="1"
              ><div class="product-image__container">
                <picture
                  ><img
                    class="styled__Image-sjvkdn-0 bJErKA product-image beans-responsive-image__image"
                    src="https://digitalcontent.api.tesco.com/v2/media/ghs/18683d97-a55c-4a86-bee0-416ea521e51d/a85782e0-d5e0-4e2c-9fd5-ba6eef611a76.jpeg?h=225&amp;w=225"
                    srcset="
                      https://digitalcontent.api.tesco.com/v2/media/ghs/18683d97-a55c-4a86-bee0-416ea521e51d/a85782e0-d5e0-4e2c-9fd5-ba6eef611a76.jpeg?h=225&amp;w=225  768w,
                      https://digitalcontent.api.tesco.com/v2/media/ghs/18683d97-a55c-4a86-bee0-416ea521e51d/a85782e0-d5e0-4e2c-9fd5-ba6eef611a76.jpeg?h=225&amp;w=225 4000w
                    "
                    alt="Whitby Seafoods Scampi 400G"
                /></picture></div
            ></a>
            <div class="product-details--wrapper">
              <h3 class="styles__H3-oa5soe-0 bCKNNq">
                <a
                  href="/groceries/en-GB/products/305961288"
                  class="styled__Anchor-sc-1xbujuz-0 csVOnh beans-link__anchor"
                  data-auto="product-tile--title"
                  ><span
                    class="styled__Text-sc-1xbujuz-1 ldbwMG beans-link__text"
                    >Whitby Seafoods Scampi 400G</span
                  ></a
                >
              </h3>
              <div class="styles__StyledProductDetailsContent-dvv1wj-5 ddRSrq">
                <a
                  href="/groceries/en-GB/reviews/submission/305961288?from=%2Fsearch%3Fquery%3Dseafood"
                  aria-label="Write a review for Whitby Seafoods Scampi 400G"
                  class="styled__Anchor-sc-1xbujuz-0 jSzuDt write-a-review-link beans-link__anchor"
                  data-auto="review-link"
                  ><span
                    class="styled__Text-sc-1xbujuz-1 fyDIEo beans-link__text"
                    >Write a review</span
                  ><span
                    class="styled__IconContainer-sc-1xbujuz-2 bSauSL beans-link__icon-container"
                    ><svg
                      aria-hidden="true"
                      class="styled__SVG-xxa4wh-1 hQMCqc beans-link__icon beans-icon__svg"
                      height="13.33"
                      preserveAspectRatio="xMinYMax meet"
                      viewBox="-1 0 12 20"
                      width="8"
                      xmlns="http://www.w3.org/2000/svg"
                      color="currentColor"
                    >
                      <path
                        d="M1.312 1.348L10.276 10l-8.964 8.644"
                        fill="none"
                        stroke="currentColor"
                      ></path></svg></span
                ></a>
                <div>
                  <a
                    href="/groceries/en-GB/shop/frozen-food/frozen-fish-and-seafood/frozen-scampi-and-goujons/frozen-scampi"
                    class="styled__Anchor-sc-1xbujuz-0 jSzuDt rest-of-shelf-link beans-link__anchor"
                    data-auto="rest-of-shelf-link"
                    ><span
                      class="styled__Text-sc-1xbujuz-1 fyDIEo beans-link__text"
                      >Rest of
                      <span class="visually-hidden">Frozen Scampi</span>
                      shelf</span
                    ><span
                      class="styled__IconContainer-sc-1xbujuz-2 bSauSL beans-link__icon-container"
                      ><svg
                        aria-hidden="true"
                        class="styled__SVG-xxa4wh-1 hQMCqc beans-link__icon beans-icon__svg"
                        height="13.33"
                        preserveAspectRatio="xMinYMax meet"
                        viewBox="-1 0 12 20"
                        width="8"
                        xmlns="http://www.w3.org/2000/svg"
                        color="currentColor"
                      >
                        <path
                          d="M1.312 1.348L10.276 10l-8.964 8.644"
                          fill="none"
                          stroke="currentColor"
                        ></path></svg></span
                  ></a>
                </div>
                <div class="product-info-message-section">
                  <div class="product-info-message-list"></div>
                </div>
              </div>
              <div
                class="styles__StyledPromotionsWithBuyBoxWrapper-dvv1wj-8 cZskDh"
              >
                <div
                  class="styles__StyledPromotionsAboveMobile-dvv1wj-7 iPTMuo"
                >
                  <div
                    class="styles__StyledPromotionsWithClubcardPriceContainer-sc-1vdpoop-0 bsPFbn"
                  >
                    <div class="styles__StyledClubcardLogo-sc-1vdpoop-2 elOZEB">
                      <div
                        class="styles__Wrapper-sc-1d2phhy-0 hgBuQG undefined special-offer-sash"
                      >
                        <span class="styles__CircleWrapper-sc-1d2phhy-2 hCbzjm"
                          ><strong
                            class="styles__TextWrapper-sc-1d2phhy-1 bLXNGg"
                            >Clubcard Price</strong
                          ></span
                        >
                      </div>
                    </div>
                    <a href="/groceries/en-GB/promotions/88569902"
                      ><div
                        class="styles__ProductPromotionStyling-sc-1vdpoop-3 cKitpL"
                      >
                        <div
                          class="styles__StyledPromotionsOfferContent-sc-1vdpoop-1 cPSekc"
                        >
                          <span class="offer-text">£3.50 Clubcard Price</span>
                        </div>
                        <span class="dates"
                          >Offer valid for delivery from 11/10/2022 until
                          31/10/2022</span
                        >
                      </div></a
                    >
                  </div>
                </div>
                <div class="styles__StyledBuyBoxWrapper-dvv1wj-4 dSvjUC">
                  <div
                    class="styles__StyledBuyBoxContainer-sc-1wx0qp6-0 erryje"
                    data-auto="buybox-container"
                  >
                    <div class="styles__SafeFormWrapper-jtpu2t-0 lcrYKS">
                      <form
                        action="/groceries/en-GB/trolley/items/305961288?_method=PUT"
                        method="POST"
                      >
                        <input type="submit" class="hidden" /><input
                          type="hidden"
                          name="id"
                          value="305961288"
                        /><input
                          type="hidden"
                          name="identifier"
                          value="Page"
                        /><input
                          type="hidden"
                          name="anchorId"
                          value="#tile-305961288"
                        /><input
                          type="hidden"
                          name="returnUrl"
                          value="/groceries/en-GB/search?query=seafood&amp;redirectIfUnavailable=true#tile-305961288"
                        /><input
                          type="hidden"
                          name="backToUrl"
                          value="#"
                        /><input
                          type="hidden"
                          name="oldValue"
                          value="0"
                        /><input
                          type="hidden"
                          name="oldUnitChoice"
                          value="pcs"
                        /><input
                          type="hidden"
                          name="newUnitChoice"
                          value="pcs"
                        />
                        <div
                          class="base-components__RootElement-sc-1mosoyj-1 styled__Container-sc-6nhkzi-0 jptQqM hSNpTb beans-buybox__container"
                        >
                          <div
                            class="base-components__BaseElement-sc-1mosoyj-0 styled__PriceAndActions-sc-6nhkzi-3 oznwo eEPLov beans-buybox__price-and-actions"
                          >
                            <div
                              class="base-components__RootElement-sc-1mosoyj-1 styled__Container-sc-8qlq5b-0 jptQqM bgZrjw styled__StyledPrice-sc-6nhkzi-5 iYHeik beans-buybox__price beans-price__container"
                            >
                              <p
                                class="styled__StyledHeading-sc-119w3hf-2 jWPEtj styled__Text-sc-8qlq5b-1 lnaeiZ beans-price__text"
                              >
                                £4.50
                              </p>
                              <p
                                class="styled__StyledFootnote-sc-119w3hf-7 icrlVF styled__Subtext-sc-8qlq5b-2 bNJmdc beans-price__subtext"
                              >
                                £11.25/kg
                              </p>
                            </div>
                            <div
                              class="base-components__RootElement-sc-1mosoyj-1 styled__Container-vtxwzb-0 jptQqM bDFhXJ beans-buybox__actions beans-quantity-controls__container"
                            >
                              <div
                                class="base-components__RootElement-sc-1mosoyj-1 styled__Container-sc-16t2b2a-0 jptQqM PUfgZ styled__StyledFormGroup-vtxwzb-1 kzKuAr beans-quantity-controls__form-group beans-form-group__container"
                              >
                                <label
                                  class="styled__StyledLabel-sc-1ttuvhr-0 izGEjV beans-form-group__label beans-label"
                                  for="quantity-controls-305961288"
                                  >Quantity controls<!-- -->
                                </label>
                                <div
                                  class="base-components__BaseElement-sc-1mosoyj-0 styled__Children-sc-16t2b2a-3 oznwo gdJvjO beans-form-group__children"
                                >
                                  <div
                                    class="styled__StyledQuantityControlWrapper-vtxwzb-6 LCxOg"
                                  >
                                    <label
                                      id="quantity-controls-305961288-label"
                                      class="styled__VisuallyHiddenLabel-vtxwzb-7 gXlLiM"
                                      >Quantity of Whitby Seafoods Scampi
                                      400G</label
                                    >
                                    <div
                                      class="component__Wrapper-sc-1kpmik-3 dReplG input-wrapper"
                                    >
                                      <input
                                        type="number"
                                        class="base-components__RootElement-sc-1mosoyj-1 styled__StyledInput-sc-1jd5f57-0 component__StyledAsInput-sc-1kpmik-4 jptQqM eJLlow styled__StyledInput-vtxwzb-3 lwMHo beans-quantity-controls__input beans-input"
                                        data-auto="beans-quantity-controls-input"
                                        autocomplete="off"
                                        id="quantity-controls-305961288"
                                        maxlength="2"
                                        name="newValue"
                                        aria-labelledby="quantity-controls-305961288-label"
                                        value="1"
                                      />
                                    </div>
                                  </div>
                                  <button
                                    class="styled__BaseButton-rsekm1-0 styled__PrimaryButton-rsekm1-2 jChbeY geeWOF styled__StyledButton-vtxwzb-5 japAxb beans-quantity-controls__add-button beans-button__container"
                                    type="submit"
                                    data-auto="beans-quantity-controls-add-button"
                                    aria-label="Quantity of Whitby Seafoods Scampi 400G"
                                  >
                                    <span
                                      class="base-components__BaseElement-sc-1mosoyj-0 styled__InnerContainer-rsekm1-1 oznwo fuFres beans-button__inner-container"
                                      ><span
                                        class="base-components__BaseElement-sc-1mosoyj-0 styled__TextSpan-rsekm1-4 oznwo GDiMp beans-button__text"
                                        >Add</span
                                      ></span
                                    >
                                  </button>
                                </div>
                              </div>
                            </div>
                          </div>
                        </div>
                        <input
                          type="hidden"
                          name="_csrf"
                          value="BeMqcJBE-zCJWuNH91oq73jFXs7WkHUAPSZM"
                        />
                      </form>
                    </div>
                  </div>
                </div>
              </div>
            </div>
            <div class="hidden-medium product-info-section-small">
              <div class="product-info-message-list"></div>
            </div>
          </div>
          <div class="styles__StyledPromotionsMobile-dvv1wj-6 Bxaeb">
            <div>
              <div
                class="styles__StyledPromotionsWithClubcardPriceContainer-sc-1vdpoop-0 bsPFbn"
              >
                <div class="styles__StyledClubcardLogo-sc-1vdpoop-2 elOZEB">
                  <div
                    class="styles__Wrapper-sc-1d2phhy-0 hgBuQG undefined special-offer-sash"
                  >
                    <span class="styles__CircleWrapper-sc-1d2phhy-2 hCbzjm"
                      ><strong class="styles__TextWrapper-sc-1d2phhy-1 bLXNGg"
                        >Clubcard Price</strong
                      ></span
                    >
                  </div>
                </div>
                <a href="/groceries/en-GB/promotions/88569902"
                  ><div
                    class="styles__ProductPromotionStyling-sc-1vdpoop-3 cKitpL"
                  >
                    <div
                      class="styles__StyledPromotionsOfferContent-sc-1vdpoop-1 cPSekc"
                    >
                      <span class="offer-text">£3.50 Clubcard Price</span>
                    </div>
                    <span class="dates"
                      >Offer valid for delivery from 11/10/2022 until
                      31/10/2022</span
                    >
                  </div></a
                >
              </div>
            </div>
          </div>
        </div>
      </div>
    </div>
  </li>
  <li class="product-list--list-item">
    <div class="styles__StyledVerticalTileWrapper-dvv1wj-0 dtCNPH">
      <div
        data-auto="product-tile"
        data-auto-type="Quantity"
        data-auto-available="true"
        data-auto-is-restricted-disabled="false"
        data-auto-is-substitute="false"
        class="styles__StyledVerticalTile-dvv1wj-1 gSCsYK"
      >
        <div class="styles__StyledTileContentWrapper-dvv1wj-2 bkNhNP beans">
          <div
            id="tile-250211805"
            data-auto-id="250211805"
            class="styles__StyledTiledContent-dvv1wj-3 bcglTg"
          >
            <a
              href="/groceries/en-GB/products/250211805"
              aria-hidden="true"
              class="product-image-wrapper"
              tabindex="1"
              ><div class="product-image__container">
                <picture
                  ><img
                    class="styled__Image-sjvkdn-0 bJErKA product-image beans-responsive-image__image"
                    src="https://digitalcontent.api.tesco.com/v2/media/ghs/3ef578a9-0bc0-4150-aedb-6868ab40d158/7e5812d8-c53e-4857-ac22-1d20be29c3c0.jpeg?h=225&amp;w=225"
                    srcset="
                      https://digitalcontent.api.tesco.com/v2/media/ghs/3ef578a9-0bc0-4150-aedb-6868ab40d158/7e5812d8-c53e-4857-ac22-1d20be29c3c0.jpeg?h=225&amp;w=225  768w,
                      https://digitalcontent.api.tesco.com/v2/media/ghs/3ef578a9-0bc0-4150-aedb-6868ab40d158/7e5812d8-c53e-4857-ac22-1d20be29c3c0.jpeg?h=225&amp;w=225 4000w
                    "
                    alt="Tesco 16 Seafood Sticks 250G"
                /></picture></div
            ></a>
            <div class="product-details--wrapper">
              <h3 class="styles__H3-oa5soe-0 bCKNNq">
                <a
                  href="/groceries/en-GB/products/250211805"
                  class="styled__Anchor-sc-1xbujuz-0 csVOnh beans-link__anchor"
                  data-auto="product-tile--title"
                  ><span
                    class="styled__Text-sc-1xbujuz-1 ldbwMG beans-link__text"
                    >Tesco 16 Seafood Sticks 250G</span
                  ></a
                >
              </h3>
              <div
                class="styles__StyledPromotionsAboveMobile-dvv1wj-7 iPTMuo"
              ></div>
              <div class="styles__StyledProductDetailsContent-dvv1wj-5 ddRSrq">
                <a
                  href="/groceries/en-GB/reviews/submission/250211805?from=%2Fsearch%3Fquery%3Dseafood"
                  aria-label="Write a review for Tesco 16 Seafood Sticks 250G"
                  class="styled__Anchor-sc-1xbujuz-0 jSzuDt write-a-review-link beans-link__anchor"
                  data-auto="review-link"
                  ><span
                    class="styled__Text-sc-1xbujuz-1 fyDIEo beans-link__text"
                    >Write a review</span
                  ><span
                    class="styled__IconContainer-sc-1xbujuz-2 bSauSL beans-link__icon-container"
                    ><svg
                      aria-hidden="true"
                      class="styled__SVG-xxa4wh-1 hQMCqc beans-link__icon beans-icon__svg"
                      height="13.33"
                      preserveAspectRatio="xMinYMax meet"
                      viewBox="-1 0 12 20"
                      width="8"
                      xmlns="http://www.w3.org/2000/svg"
                      color="currentColor"
                    >
                      <path
                        d="M1.312 1.348L10.276 10l-8.964 8.644"
                        fill="none"
                        stroke="currentColor"
                      ></path></svg></span
                ></a>
                <div>
                  <a
                    href="/groceries/en-GB/shop/fresh-food/chilled-fish-and-seafood/salmon-and-trout/ready-to-eat-fillets"
                    class="styled__Anchor-sc-1xbujuz-0 jSzuDt rest-of-shelf-link beans-link__anchor"
                    data-auto="rest-of-shelf-link"
                    ><span
                      class="styled__Text-sc-1xbujuz-1 fyDIEo beans-link__text"
                      >Rest of
                      <span class="visually-hidden">Ready to Eat Fillets</span>
                      shelf</span
                    ><span
                      class="styled__IconContainer-sc-1xbujuz-2 bSauSL beans-link__icon-container"
                      ><svg
                        aria-hidden="true"
                        class="styled__SVG-xxa4wh-1 hQMCqc beans-link__icon beans-icon__svg"
                        height="13.33"
                        preserveAspectRatio="xMinYMax meet"
                        viewBox="-1 0 12 20"
                        width="8"
                        xmlns="http://www.w3.org/2000/svg"
                        color="currentColor"
                      >
                        <path
                          d="M1.312 1.348L10.276 10l-8.964 8.644"
                          fill="none"
                          stroke="currentColor"
                        ></path></svg></span
                  ></a>
                </div>
                <div class="product-info-message-section">
                  <div class="product-info-message-list"></div>
                </div>
              </div>
              <div class="styles__StyledBuyBoxWrapper-dvv1wj-4 dSvjUC">
                <div
                  class="styles__StyledBuyBoxContainer-sc-1wx0qp6-0 erryje"
                  data-auto="buybox-container"
                >
                  <div class="styles__SafeFormWrapper-jtpu2t-0 lcrYKS">
                    <form
                      action="/groceries/en-GB/trolley/items/250211805?_method=PUT"
                      method="POST"
                    >
                      <input type="submit" class="hidden" /><input
                        type="hidden"
                        name="id"
                        value="250211805"
                      /><input
                        type="hidden"
                        name="identifier"
                        value="Page"
                      /><input
                        type="hidden"
                        name="anchorId"
                        value="#tile-250211805"
                      /><input
                        type="hidden"
                        name="returnUrl"
                        value="/groceries/en-GB/search?query=seafood&amp;redirectIfUnavailable=true#tile-250211805"
                      /><input type="hidden" name="backToUrl" value="#" /><input
                        type="hidden"
                        name="oldValue"
                        value="0"
                      /><input
                        type="hidden"
                        name="oldUnitChoice"
                        value="pcs"
                      /><input type="hidden" name="newUnitChoice" value="pcs" />
                      <div
                        class="base-components__RootElement-sc-1mosoyj-1 styled__Container-sc-6nhkzi-0 jptQqM hSNpTb beans-buybox__container"
                      >
                        <div
                          class="base-components__BaseElement-sc-1mosoyj-0 styled__PriceAndActions-sc-6nhkzi-3 oznwo eEPLov beans-buybox__price-and-actions"
                        >
                          <div
                            class="base-components__RootElement-sc-1mosoyj-1 styled__Container-sc-8qlq5b-0 jptQqM bgZrjw styled__StyledPrice-sc-6nhkzi-5 iYHeik beans-buybox__price beans-price__container"
                          >
                            <p
                              class="styled__StyledHeading-sc-119w3hf-2 jWPEtj styled__Text-sc-8qlq5b-1 lnaeiZ beans-price__text"
                            >
                              £1.10
                            </p>
                            <p
                              class="styled__StyledFootnote-sc-119w3hf-7 icrlVF styled__Subtext-sc-8qlq5b-2 bNJmdc beans-price__subtext"
                            >
                              £0.44/100g
                            </p>
                          </div>
                          <div
                            class="base-components__RootElement-sc-1mosoyj-1 styled__Container-vtxwzb-0 jptQqM bDFhXJ beans-buybox__actions beans-quantity-controls__container"
                          >
                            <div
                              class="base-components__RootElement-sc-1mosoyj-1 styled__Container-sc-16t2b2a-0 jptQqM PUfgZ styled__StyledFormGroup-vtxwzb-1 kzKuAr beans-quantity-controls__form-group beans-form-group__container"
                            >
                              <label
                                class="styled__StyledLabel-sc-1ttuvhr-0 izGEjV beans-form-group__label beans-label"
                                for="quantity-controls-250211805"
                                >Quantity controls<!-- -->
                              </label>
                              <div
                                class="base-components__BaseElement-sc-1mosoyj-0 styled__Children-sc-16t2b2a-3 oznwo gdJvjO beans-form-group__children"
                              >
                                <div
                                  class="styled__StyledQuantityControlWrapper-vtxwzb-6 LCxOg"
                                >
                                  <label
                                    id="quantity-controls-250211805-label"
                                    class="styled__VisuallyHiddenLabel-vtxwzb-7 gXlLiM"
                                    >Quantity of Tesco 16 Seafood Sticks
                                    250G</label
                                  >
                                  <div
                                    class="component__Wrapper-sc-1kpmik-3 dReplG input-wrapper"
                                  >
                                    <input
                                      type="number"
                                      class="base-components__RootElement-sc-1mosoyj-1 styled__StyledInput-sc-1jd5f57-0 component__StyledAsInput-sc-1kpmik-4 jptQqM eJLlow styled__StyledInput-vtxwzb-3 lwMHo beans-quantity-controls__input beans-input"
                                      data-auto="beans-quantity-controls-input"
                                      autocomplete="off"
                                      id="quantity-controls-250211805"
                                      maxlength="2"
                                      name="newValue"
                                      aria-labelledby="quantity-controls-250211805-label"
                                      value="1"
                                    />
                                  </div>
                                </div>
                                <button
                                  class="styled__BaseButton-rsekm1-0 styled__PrimaryButton-rsekm1-2 jChbeY geeWOF styled__StyledButton-vtxwzb-5 japAxb beans-quantity-controls__add-button beans-button__container"
                                  type="submit"
                                  data-auto="beans-quantity-controls-add-button"
                                  aria-label="Quantity of Tesco 16 Seafood Sticks 250G"
                                >
                                  <span
                                    class="base-components__BaseElement-sc-1mosoyj-0 styled__InnerContainer-rsekm1-1 oznwo fuFres beans-button__inner-container"
                                    ><span
                                      class="base-components__BaseElement-sc-1mosoyj-0 styled__TextSpan-rsekm1-4 oznwo GDiMp beans-button__text"
                                      >Add</span
                                    ></span
                                  >
                                </button>
                              </div>
                            </div>
                          </div>
                        </div>
                      </div>
                      <input
                        type="hidden"
                        name="_csrf"
                        value="BeMqcJBE-zCJWuNH91oq73jFXs7WkHUAPSZM"
                      />
                    </form>
                  </div>
                </div>
              </div>
            </div>
            <div class="hidden-medium product-info-section-small">
              <div class="product-info-message-list"></div>
            </div>
          </div>
        </div>
      </div>
    </div>
  </li>
  <li class="product-list--list-item">
    <div class="styles__StyledVerticalTileWrapper-dvv1wj-0 dtCNPH">
      <div
        data-auto="product-tile"
        data-auto-type="Quantity"
        data-auto-available="true"
        data-auto-is-restricted-disabled="false"
        data-auto-is-substitute="false"
        class="styles__StyledVerticalTile-dvv1wj-1 gSCsYK"
      >
        <div class="styles__StyledTileContentWrapper-dvv1wj-2 bkNhNP beans">
          <div
            id="tile-290017969"
            data-auto-id="290017969"
            class="styles__StyledTiledContent-dvv1wj-3 bcglTg"
          >
            <a
              href="/groceries/en-GB/products/290017969"
              aria-hidden="true"
              class="product-image-wrapper"
              tabindex="1"
              ><div class="product-image__container">
                <picture
                  ><img
                    class="styled__Image-sjvkdn-0 bJErKA product-image beans-responsive-image__image"
                    src="https://digitalcontent.api.tesco.com/v2/media/ghs/7e945eee-a322-4a62-ad9c-d0f5dc10a7e6/d4d2ed7e-134f-4a54-930f-e25e019274ff.jpeg?h=225&amp;w=225"
                    srcset="
                      https://digitalcontent.api.tesco.com/v2/media/ghs/7e945eee-a322-4a62-ad9c-d0f5dc10a7e6/d4d2ed7e-134f-4a54-930f-e25e019274ff.jpeg?h=225&amp;w=225  768w,
                      https://digitalcontent.api.tesco.com/v2/media/ghs/7e945eee-a322-4a62-ad9c-d0f5dc10a7e6/d4d2ed7e-134f-4a54-930f-e25e019274ff.jpeg?h=225&amp;w=225 4000w
                    "
                    alt="Tesco Raw Squid Rings 300G"
                /></picture></div
            ></a>
            <div class="product-details--wrapper">
              <h3 class="styles__H3-oa5soe-0 bCKNNq">
                <a
                  href="/groceries/en-GB/products/290017969"
                  class="styled__Anchor-sc-1xbujuz-0 csVOnh beans-link__anchor"
                  data-auto="product-tile--title"
                  ><span
                    class="styled__Text-sc-1xbujuz-1 ldbwMG beans-link__text"
                    >Tesco Raw Squid Rings 300G</span
                  ></a
                >
              </h3>
              <div
                class="styles__StyledPromotionsAboveMobile-dvv1wj-7 iPTMuo"
              ></div>
              <div class="styles__StyledProductDetailsContent-dvv1wj-5 ddRSrq">
                <a
                  href="/groceries/en-GB/reviews/submission/290017969?from=%2Fsearch%3Fquery%3Dseafood"
                  aria-label="Write a review for Tesco Raw Squid Rings 300G"
                  class="styled__Anchor-sc-1xbujuz-0 jSzuDt write-a-review-link beans-link__anchor"
                  data-auto="review-link"
                  ><span
                    class="styled__Text-sc-1xbujuz-1 fyDIEo beans-link__text"
                    >Write a review</span
                  ><span
                    class="styled__IconContainer-sc-1xbujuz-2 bSauSL beans-link__icon-container"
                    ><svg
                      aria-hidden="true"
                      class="styled__SVG-xxa4wh-1 hQMCqc beans-link__icon beans-icon__svg"
                      height="13.33"
                      preserveAspectRatio="xMinYMax meet"
                      viewBox="-1 0 12 20"
                      width="8"
                      xmlns="http://www.w3.org/2000/svg"
                      color="currentColor"
                    >
                      <path
                        d="M1.312 1.348L10.276 10l-8.964 8.644"
                        fill="none"
                        stroke="currentColor"
                      ></path></svg></span
                ></a>
                <div>
                  <a
                    href="/groceries/en-GB/shop/frozen-food/frozen-fish-and-seafood/frozen-seafood-and-shellfish/frozen-seafood-and-shellfish"
                    class="styled__Anchor-sc-1xbujuz-0 jSzuDt rest-of-shelf-link beans-link__anchor"
                    data-auto="rest-of-shelf-link"
                    ><span
                      class="styled__Text-sc-1xbujuz-1 fyDIEo beans-link__text"
                      >Rest of
                      <span class="visually-hidden"
                        >Frozen Seafood &amp; Shellfish</span
                      >
                      shelf</span
                    ><span
                      class="styled__IconContainer-sc-1xbujuz-2 bSauSL beans-link__icon-container"
                      ><svg
                        aria-hidden="true"
                        class="styled__SVG-xxa4wh-1 hQMCqc beans-link__icon beans-icon__svg"
                        height="13.33"
                        preserveAspectRatio="xMinYMax meet"
                        viewBox="-1 0 12 20"
                        width="8"
                        xmlns="http://www.w3.org/2000/svg"
                        color="currentColor"
                      >
                        <path
                          d="M1.312 1.348L10.276 10l-8.964 8.644"
                          fill="none"
                          stroke="currentColor"
                        ></path></svg></span
                  ></a>
                </div>
                <div class="product-info-message-section">
                  <div class="product-info-message-list"></div>
                </div>
              </div>
              <div class="styles__StyledBuyBoxWrapper-dvv1wj-4 dSvjUC">
                <div
                  class="styles__StyledBuyBoxContainer-sc-1wx0qp6-0 erryje"
                  data-auto="buybox-container"
                >
                  <div class="styles__SafeFormWrapper-jtpu2t-0 lcrYKS">
                    <form
                      action="/groceries/en-GB/trolley/items/290017969?_method=PUT"
                      method="POST"
                    >
                      <input type="submit" class="hidden" /><input
                        type="hidden"
                        name="id"
                        value="290017969"
                      /><input
                        type="hidden"
                        name="identifier"
                        value="Page"
                      /><input
                        type="hidden"
                        name="anchorId"
                        value="#tile-290017969"
                      /><input
                        type="hidden"
                        name="returnUrl"
                        value="/groceries/en-GB/search?query=seafood&amp;redirectIfUnavailable=true#tile-290017969"
                      /><input type="hidden" name="backToUrl" value="#" /><input
                        type="hidden"
                        name="oldValue"
                        value="0"
                      /><input
                        type="hidden"
                        name="oldUnitChoice"
                        value="pcs"
                      /><input type="hidden" name="newUnitChoice" value="pcs" />
                      <div
                        class="base-components__RootElement-sc-1mosoyj-1 styled__Container-sc-6nhkzi-0 jptQqM hSNpTb beans-buybox__container"
                      >
                        <div
                          class="base-components__BaseElement-sc-1mosoyj-0 styled__PriceAndActions-sc-6nhkzi-3 oznwo eEPLov beans-buybox__price-and-actions"
                        >
                          <div
                            class="base-components__RootElement-sc-1mosoyj-1 styled__Container-sc-8qlq5b-0 jptQqM bgZrjw styled__StyledPrice-sc-6nhkzi-5 iYHeik beans-buybox__price beans-price__container"
                          >
                            <p
                              class="styled__StyledHeading-sc-119w3hf-2 jWPEtj styled__Text-sc-8qlq5b-1 lnaeiZ beans-price__text"
                            >
                              £4.50
                            </p>
                            <p
                              class="styled__StyledFootnote-sc-119w3hf-7 icrlVF styled__Subtext-sc-8qlq5b-2 bNJmdc beans-price__subtext"
                            >
                              £15.00/kg
                            </p>
                          </div>
                          <div
                            class="base-components__RootElement-sc-1mosoyj-1 styled__Container-vtxwzb-0 jptQqM bDFhXJ beans-buybox__actions beans-quantity-controls__container"
                          >
                            <div
                              class="base-components__RootElement-sc-1mosoyj-1 styled__Container-sc-16t2b2a-0 jptQqM PUfgZ styled__StyledFormGroup-vtxwzb-1 kzKuAr beans-quantity-controls__form-group beans-form-group__container"
                            >
                              <label
                                class="styled__StyledLabel-sc-1ttuvhr-0 izGEjV beans-form-group__label beans-label"
                                for="quantity-controls-290017969"
                                >Quantity controls<!-- -->
                              </label>
                              <div
                                class="base-components__BaseElement-sc-1mosoyj-0 styled__Children-sc-16t2b2a-3 oznwo gdJvjO beans-form-group__children"
                              >
                                <div
                                  class="styled__StyledQuantityControlWrapper-vtxwzb-6 LCxOg"
                                >
                                  <label
                                    id="quantity-controls-290017969-label"
                                    class="styled__VisuallyHiddenLabel-vtxwzb-7 gXlLiM"
                                    >Quantity of Tesco Raw Squid Rings
                                    300G</label
                                  >
                                  <div
                                    class="component__Wrapper-sc-1kpmik-3 dReplG input-wrapper"
                                  >
                                    <input
                                      type="number"
                                      class="base-components__RootElement-sc-1mosoyj-1 styled__StyledInput-sc-1jd5f57-0 component__StyledAsInput-sc-1kpmik-4 jptQqM eJLlow styled__StyledInput-vtxwzb-3 lwMHo beans-quantity-controls__input beans-input"
                                      data-auto="beans-quantity-controls-input"
                                      autocomplete="off"
                                      id="quantity-controls-290017969"
                                      maxlength="2"
                                      name="newValue"
                                      aria-labelledby="quantity-controls-290017969-label"
                                      value="1"
                                    />
                                  </div>
                                </div>
                                <button
                                  class="styled__BaseButton-rsekm1-0 styled__PrimaryButton-rsekm1-2 jChbeY geeWOF styled__StyledButton-vtxwzb-5 japAxb beans-quantity-controls__add-button beans-button__container"
                                  type="submit"
                                  data-auto="beans-quantity-controls-add-button"
                                  aria-label="Quantity of Tesco Raw Squid Rings 300G"
                                >
                                  <span
                                    class="base-components__BaseElement-sc-1mosoyj-0 styled__InnerContainer-rsekm1-1 oznwo fuFres beans-button__inner-container"
                                    ><span
                                      class="base-components__BaseElement-sc-1mosoyj-0 styled__TextSpan-rsekm1-4 oznwo GDiMp beans-button__text"
                                      >Add</span
                                    ></span
                                  >
                                </button>
                              </div>
                            </div>
                          </div>
                        </div>
                      </div>
                      <input
                        type="hidden"
                        name="_csrf"
                        value="BeMqcJBE-zCJWuNH91oq73jFXs7WkHUAPSZM"
                      />
                    </form>
                  </div>
                </div>
              </div>
            </div>
            <div class="hidden-medium product-info-section-small">
              <div class="product-info-message-list"></div>
            </div>
          </div>
        </div>
      </div>
    </div>
  </li>
  <li class="product-list--list-item">
    <div class="styles__StyledVerticalTileWrapper-dvv1wj-0 dtCNPH">
      <div
        data-auto="product-tile"
        data-auto-type="Quantity"
        data-auto-available="true"
        data-auto-is-restricted-disabled="false"
        data-auto-is-substitute="false"
        class="styles__StyledVerticalTile-dvv1wj-1 gSCsYK"
      >
        <div class="styles__StyledTileContentWrapper-dvv1wj-2 bkNhNP beans">
          <div
            id="tile-311783607"
            data-auto-id="311783607"
            class="styles__StyledTiledContent-dvv1wj-3 bcglTg"
          >
            <a
              href="/groceries/en-GB/products/311783607"
              aria-hidden="true"
              class="product-image-wrapper"
              tabindex="1"
              ><div class="product-image__container">
                <picture
                  ><img
                    class="styled__Image-sjvkdn-0 bJErKA product-image beans-responsive-image__image"
                    src="https://digitalcontent.api.tesco.com/v2/media/ghs/b548c889-dcd5-4de2-8d38-8c3a8ccdbed0/c43e4fee-51cd-4be0-bdac-f7e49fbbec01_545473051.jpeg?h=225&amp;w=225"
                    srcset="
                      https://digitalcontent.api.tesco.com/v2/media/ghs/b548c889-dcd5-4de2-8d38-8c3a8ccdbed0/c43e4fee-51cd-4be0-bdac-f7e49fbbec01_545473051.jpeg?h=225&amp;w=225  768w,
                      https://digitalcontent.api.tesco.com/v2/media/ghs/b548c889-dcd5-4de2-8d38-8c3a8ccdbed0/c43e4fee-51cd-4be0-bdac-f7e49fbbec01_545473051.jpeg?h=225&amp;w=225 4000w
                    "
                    alt="Tesco Finest Whole Cooked Atlantic Lobster 400G"
                /></picture></div
            ></a>
            <div class="product-details--wrapper">
              <h3 class="styles__H3-oa5soe-0 bCKNNq">
                <a
                  href="/groceries/en-GB/products/311783607"
                  class="styled__Anchor-sc-1xbujuz-0 csVOnh beans-link__anchor"
                  data-auto="product-tile--title"
                  ><span
                    class="styled__Text-sc-1xbujuz-1 ldbwMG beans-link__text"
                    >Tesco Finest Whole Cooked Atlantic Lobster 400G</span
                  ></a
                >
              </h3>
              <div
                class="styles__StyledPromotionsAboveMobile-dvv1wj-7 iPTMuo"
              ></div>
              <div class="styles__StyledProductDetailsContent-dvv1wj-5 ddRSrq">
                <a
                  href="/groceries/en-GB/reviews/submission/311783607?from=%2Fsearch%3Fquery%3Dseafood"
                  aria-label="Write a review for Tesco Finest Whole Cooked Atlantic Lobster 400G"
                  class="styled__Anchor-sc-1xbujuz-0 jSzuDt write-a-review-link beans-link__anchor"
                  data-auto="review-link"
                  ><span
                    class="styled__Text-sc-1xbujuz-1 fyDIEo beans-link__text"
                    >Write a review</span
                  ><span
                    class="styled__IconContainer-sc-1xbujuz-2 bSauSL beans-link__icon-container"
                    ><svg
                      aria-hidden="true"
                      class="styled__SVG-xxa4wh-1 hQMCqc beans-link__icon beans-icon__svg"
                      height="13.33"
                      preserveAspectRatio="xMinYMax meet"
                      viewBox="-1 0 12 20"
                      width="8"
                      xmlns="http://www.w3.org/2000/svg"
                      color="currentColor"
                    >
                      <path
                        d="M1.312 1.348L10.276 10l-8.964 8.644"
                        fill="none"
                        stroke="currentColor"
                      ></path></svg></span
                ></a>
                <div>
                  <a
                    href="/groceries/en-GB/shop/frozen-food/frozen-fish-and-seafood/frozen-seafood-and-shellfish/frozen-seafood-and-shellfish"
                    class="styled__Anchor-sc-1xbujuz-0 jSzuDt rest-of-shelf-link beans-link__anchor"
                    data-auto="rest-of-shelf-link"
                    ><span
                      class="styled__Text-sc-1xbujuz-1 fyDIEo beans-link__text"
                      >Rest of
                      <span class="visually-hidden"
                        >Frozen Seafood &amp; Shellfish</span
                      >
                      shelf</span
                    ><span
                      class="styled__IconContainer-sc-1xbujuz-2 bSauSL beans-link__icon-container"
                      ><svg
                        aria-hidden="true"
                        class="styled__SVG-xxa4wh-1 hQMCqc beans-link__icon beans-icon__svg"
                        height="13.33"
                        preserveAspectRatio="xMinYMax meet"
                        viewBox="-1 0 12 20"
                        width="8"
                        xmlns="http://www.w3.org/2000/svg"
                        color="currentColor"
                      >
                        <path
                          d="M1.312 1.348L10.276 10l-8.964 8.644"
                          fill="none"
                          stroke="currentColor"
                        ></path></svg></span
                  ></a>
                </div>
                <div class="product-info-message-section">
                  <div class="product-info-message-list"></div>
                </div>
              </div>
              <div class="styles__StyledBuyBoxWrapper-dvv1wj-4 dSvjUC">
                <div
                  class="styles__StyledBuyBoxContainer-sc-1wx0qp6-0 erryje"
                  data-auto="buybox-container"
                >
                  <div class="styles__SafeFormWrapper-jtpu2t-0 lcrYKS">
                    <form
                      action="/groceries/en-GB/trolley/items/311783607?_method=PUT"
                      method="POST"
                    >
                      <input type="submit" class="hidden" /><input
                        type="hidden"
                        name="id"
                        value="311783607"
                      /><input
                        type="hidden"
                        name="identifier"
                        value="Page"
                      /><input
                        type="hidden"
                        name="anchorId"
                        value="#tile-311783607"
                      /><input
                        type="hidden"
                        name="returnUrl"
                        value="/groceries/en-GB/search?query=seafood&amp;redirectIfUnavailable=true#tile-311783607"
                      /><input type="hidden" name="backToUrl" value="#" /><input
                        type="hidden"
                        name="oldValue"
                        value="0"
                      /><input
                        type="hidden"
                        name="oldUnitChoice"
                        value="pcs"
                      /><input type="hidden" name="newUnitChoice" value="pcs" />
                      <div
                        class="base-components__RootElement-sc-1mosoyj-1 styled__Container-sc-6nhkzi-0 jptQqM hSNpTb beans-buybox__container"
                      >
                        <div
                          class="base-components__BaseElement-sc-1mosoyj-0 styled__PriceAndActions-sc-6nhkzi-3 oznwo eEPLov beans-buybox__price-and-actions"
                        >
                          <div
                            class="base-components__RootElement-sc-1mosoyj-1 styled__Container-sc-8qlq5b-0 jptQqM bgZrjw styled__StyledPrice-sc-6nhkzi-5 iYHeik beans-buybox__price beans-price__container"
                          >
                            <p
                              class="styled__StyledHeading-sc-119w3hf-2 jWPEtj styled__Text-sc-8qlq5b-1 lnaeiZ beans-price__text"
                            >
                              £11.00
                            </p>
                            <p
                              class="styled__StyledFootnote-sc-119w3hf-7 icrlVF styled__Subtext-sc-8qlq5b-2 bNJmdc beans-price__subtext"
                            >
                              £27.50/kg
                            </p>
                          </div>
                          <div
                            class="base-components__RootElement-sc-1mosoyj-1 styled__Container-vtxwzb-0 jptQqM bDFhXJ beans-buybox__actions beans-quantity-controls__container"
                          >
                            <div
                              class="base-components__RootElement-sc-1mosoyj-1 styled__Container-sc-16t2b2a-0 jptQqM PUfgZ styled__StyledFormGroup-vtxwzb-1 kzKuAr beans-quantity-controls__form-group beans-form-group__container"
                            >
                              <label
                                class="styled__StyledLabel-sc-1ttuvhr-0 izGEjV beans-form-group__label beans-label"
                                for="quantity-controls-311783607"
                                >Quantity controls<!-- -->
                              </label>
                              <div
                                class="base-components__BaseElement-sc-1mosoyj-0 styled__Children-sc-16t2b2a-3 oznwo gdJvjO beans-form-group__children"
                              >
                                <div
                                  class="styled__StyledQuantityControlWrapper-vtxwzb-6 LCxOg"
                                >
                                  <label
                                    id="quantity-controls-311783607-label"
                                    class="styled__VisuallyHiddenLabel-vtxwzb-7 gXlLiM"
                                    >Quantity of Tesco Finest Whole Cooked
                                    Atlantic Lobster 400G</label
                                  >
                                  <div
                                    class="component__Wrapper-sc-1kpmik-3 dReplG input-wrapper"
                                  >
                                    <input
                                      type="number"
                                      class="base-components__RootElement-sc-1mosoyj-1 styled__StyledInput-sc-1jd5f57-0 component__StyledAsInput-sc-1kpmik-4 jptQqM eJLlow styled__StyledInput-vtxwzb-3 lwMHo beans-quantity-controls__input beans-input"
                                      data-auto="beans-quantity-controls-input"
                                      autocomplete="off"
                                      id="quantity-controls-311783607"
                                      maxlength="2"
                                      name="newValue"
                                      aria-labelledby="quantity-controls-311783607-label"
                                      value="1"
                                    />
                                  </div>
                                </div>
                                <button
                                  class="styled__BaseButton-rsekm1-0 styled__PrimaryButton-rsekm1-2 jChbeY geeWOF styled__StyledButton-vtxwzb-5 japAxb beans-quantity-controls__add-button beans-button__container"
                                  type="submit"
                                  data-auto="beans-quantity-controls-add-button"
                                  aria-label="Quantity of Tesco Finest Whole Cooked Atlantic Lobster 400G"
                                >
                                  <span
                                    class="base-components__BaseElement-sc-1mosoyj-0 styled__InnerContainer-rsekm1-1 oznwo fuFres beans-button__inner-container"
                                    ><span
                                      class="base-components__BaseElement-sc-1mosoyj-0 styled__TextSpan-rsekm1-4 oznwo GDiMp beans-button__text"
                                      >Add</span
                                    ></span
                                  >
                                </button>
                              </div>
                            </div>
                          </div>
                        </div>
                      </div>
                      <input
                        type="hidden"
                        name="_csrf"
                        value="BeMqcJBE-zCJWuNH91oq73jFXs7WkHUAPSZM"
                      />
                    </form>
                  </div>
                </div>
              </div>
            </div>
            <div class="hidden-medium product-info-section-small">
              <div class="product-info-message-list"></div>
            </div>
          </div>
        </div>
      </div>
    </div>
  </li>
  <li class="product-list--list-item">
    <div class="styles__StyledVerticalTileWrapper-dvv1wj-0 dtCNPH">
      <div
        data-auto="product-tile"
        data-auto-type="Quantity"
        data-auto-available="true"
        data-auto-is-restricted-disabled="false"
        data-auto-is-substitute="false"
        class="styles__StyledVerticalTile-dvv1wj-1 gSCsYK"
      >
        <div class="styles__StyledTileContentWrapper-dvv1wj-2 bkNhNP beans">
          <div
            id="tile-312104677"
            data-auto-id="312104677"
            class="styles__StyledTiledContent-dvv1wj-3 bcglTg"
          >
            <a
              href="/groceries/en-GB/products/312104677"
              aria-hidden="true"
              class="product-image-wrapper"
              tabindex="1"
              ><div class="product-image__container">
                <picture
                  ><img
                    class="styled__Image-sjvkdn-0 bJErKA product-image beans-responsive-image__image"
                    src="https://digitalcontent.api.tesco.com/v2/media/ghs/05307266-6334-4202-bedf-58c7d5e068a6/2a19cd38-6285-4bd2-bb89-1ace466e0107.jpeg?h=225&amp;w=225"
                    srcset="
                      https://digitalcontent.api.tesco.com/v2/media/ghs/05307266-6334-4202-bedf-58c7d5e068a6/2a19cd38-6285-4bd2-bb89-1ace466e0107.jpeg?h=225&amp;w=225  768w,
                      https://digitalcontent.api.tesco.com/v2/media/ghs/05307266-6334-4202-bedf-58c7d5e068a6/2a19cd38-6285-4bd2-bb89-1ace466e0107.jpeg?h=225&amp;w=225 4000w
                    "
                    alt="Tesco Finest 2 Whole Raw Lobster Tails 220G"
                /></picture></div
            ></a>
            <div class="product-details--wrapper">
              <h3 class="styles__H3-oa5soe-0 bCKNNq">
                <a
                  href="/groceries/en-GB/products/312104677"
                  class="styled__Anchor-sc-1xbujuz-0 csVOnh beans-link__anchor"
                  data-auto="product-tile--title"
                  ><span
                    class="styled__Text-sc-1xbujuz-1 ldbwMG beans-link__text"
                    >Tesco Finest 2 Whole Raw Lobster Tails 220G</span
                  ></a
                >
              </h3>
              <div
                class="styles__StyledPromotionsAboveMobile-dvv1wj-7 iPTMuo"
              ></div>
              <div class="styles__StyledProductDetailsContent-dvv1wj-5 ddRSrq">
                <a
                  href="/groceries/en-GB/reviews/submission/312104677?from=%2Fsearch%3Fquery%3Dseafood"
                  aria-label="Write a review for Tesco Finest 2 Whole Raw Lobster Tails 220G"
                  class="styled__Anchor-sc-1xbujuz-0 jSzuDt write-a-review-link beans-link__anchor"
                  data-auto="review-link"
                  ><span
                    class="styled__Text-sc-1xbujuz-1 fyDIEo beans-link__text"
                    >Write a review</span
                  ><span
                    class="styled__IconContainer-sc-1xbujuz-2 bSauSL beans-link__icon-container"
                    ><svg
                      aria-hidden="true"
                      class="styled__SVG-xxa4wh-1 hQMCqc beans-link__icon beans-icon__svg"
                      height="13.33"
                      preserveAspectRatio="xMinYMax meet"
                      viewBox="-1 0 12 20"
                      width="8"
                      xmlns="http://www.w3.org/2000/svg"
                      color="currentColor"
                    >
                      <path
                        d="M1.312 1.348L10.276 10l-8.964 8.644"
                        fill="none"
                        stroke="currentColor"
                      ></path></svg></span
                ></a>
                <div>
                  <a
                    href="/groceries/en-GB/shop/frozen-food/frozen-fish-and-seafood/frozen-seafood-and-shellfish/frozen-seafood-and-shellfish"
                    class="styled__Anchor-sc-1xbujuz-0 jSzuDt rest-of-shelf-link beans-link__anchor"
                    data-auto="rest-of-shelf-link"
                    ><span
                      class="styled__Text-sc-1xbujuz-1 fyDIEo beans-link__text"
                      >Rest of
                      <span class="visually-hidden"
                        >Frozen Seafood &amp; Shellfish</span
                      >
                      shelf</span
                    ><span
                      class="styled__IconContainer-sc-1xbujuz-2 bSauSL beans-link__icon-container"
                      ><svg
                        aria-hidden="true"
                        class="styled__SVG-xxa4wh-1 hQMCqc beans-link__icon beans-icon__svg"
                        height="13.33"
                        preserveAspectRatio="xMinYMax meet"
                        viewBox="-1 0 12 20"
                        width="8"
                        xmlns="http://www.w3.org/2000/svg"
                        color="currentColor"
                      >
                        <path
                          d="M1.312 1.348L10.276 10l-8.964 8.644"
                          fill="none"
                          stroke="currentColor"
                        ></path></svg></span
                  ></a>
                </div>
                <div class="product-info-message-section">
                  <div class="product-info-message-list"></div>
                </div>
              </div>
              <div class="styles__StyledBuyBoxWrapper-dvv1wj-4 dSvjUC">
                <div
                  class="styles__StyledBuyBoxContainer-sc-1wx0qp6-0 erryje"
                  data-auto="buybox-container"
                >
                  <div class="styles__SafeFormWrapper-jtpu2t-0 lcrYKS">
                    <form
                      action="/groceries/en-GB/trolley/items/312104677?_method=PUT"
                      method="POST"
                    >
                      <input type="submit" class="hidden" /><input
                        type="hidden"
                        name="id"
                        value="312104677"
                      /><input
                        type="hidden"
                        name="identifier"
                        value="Page"
                      /><input
                        type="hidden"
                        name="anchorId"
                        value="#tile-312104677"
                      /><input
                        type="hidden"
                        name="returnUrl"
                        value="/groceries/en-GB/search?query=seafood&amp;redirectIfUnavailable=true#tile-312104677"
                      /><input type="hidden" name="backToUrl" value="#" /><input
                        type="hidden"
                        name="oldValue"
                        value="0"
                      /><input
                        type="hidden"
                        name="oldUnitChoice"
                        value="pcs"
                      /><input type="hidden" name="newUnitChoice" value="pcs" />
                      <div
                        class="base-components__RootElement-sc-1mosoyj-1 styled__Container-sc-6nhkzi-0 jptQqM hSNpTb beans-buybox__container"
                      >
                        <div
                          class="base-components__BaseElement-sc-1mosoyj-0 styled__PriceAndActions-sc-6nhkzi-3 oznwo eEPLov beans-buybox__price-and-actions"
                        >
                          <div
                            class="base-components__RootElement-sc-1mosoyj-1 styled__Container-sc-8qlq5b-0 jptQqM bgZrjw styled__StyledPrice-sc-6nhkzi-5 iYHeik beans-buybox__price beans-price__container"
                          >
                            <p
                              class="styled__StyledHeading-sc-119w3hf-2 jWPEtj styled__Text-sc-8qlq5b-1 lnaeiZ beans-price__text"
                            >
                              £13.00
                            </p>
                            <p
                              class="styled__StyledFootnote-sc-119w3hf-7 icrlVF styled__Subtext-sc-8qlq5b-2 bNJmdc beans-price__subtext"
                            >
                              £59.10/kg
                            </p>
                          </div>
                          <div
                            class="base-components__RootElement-sc-1mosoyj-1 styled__Container-vtxwzb-0 jptQqM bDFhXJ beans-buybox__actions beans-quantity-controls__container"
                          >
                            <div
                              class="base-components__RootElement-sc-1mosoyj-1 styled__Container-sc-16t2b2a-0 jptQqM PUfgZ styled__StyledFormGroup-vtxwzb-1 kzKuAr beans-quantity-controls__form-group beans-form-group__container"
                            >
                              <label
                                class="styled__StyledLabel-sc-1ttuvhr-0 izGEjV beans-form-group__label beans-label"
                                for="quantity-controls-312104677"
                                >Quantity controls<!-- -->
                              </label>
                              <div
                                class="base-components__BaseElement-sc-1mosoyj-0 styled__Children-sc-16t2b2a-3 oznwo gdJvjO beans-form-group__children"
                              >
                                <div
                                  class="styled__StyledQuantityControlWrapper-vtxwzb-6 LCxOg"
                                >
                                  <label
                                    id="quantity-controls-312104677-label"
                                    class="styled__VisuallyHiddenLabel-vtxwzb-7 gXlLiM"
                                    >Quantity of Tesco Finest 2 Whole Raw
                                    Lobster Tails 220G</label
                                  >
                                  <div
                                    class="component__Wrapper-sc-1kpmik-3 dReplG input-wrapper"
                                  >
                                    <input
                                      type="number"
                                      class="base-components__RootElement-sc-1mosoyj-1 styled__StyledInput-sc-1jd5f57-0 component__StyledAsInput-sc-1kpmik-4 jptQqM eJLlow styled__StyledInput-vtxwzb-3 lwMHo beans-quantity-controls__input beans-input"
                                      data-auto="beans-quantity-controls-input"
                                      autocomplete="off"
                                      id="quantity-controls-312104677"
                                      maxlength="2"
                                      name="newValue"
                                      aria-labelledby="quantity-controls-312104677-label"
                                      value="1"
                                    />
                                  </div>
                                </div>
                                <button
                                  class="styled__BaseButton-rsekm1-0 styled__PrimaryButton-rsekm1-2 jChbeY geeWOF styled__StyledButton-vtxwzb-5 japAxb beans-quantity-controls__add-button beans-button__container"
                                  type="submit"
                                  data-auto="beans-quantity-controls-add-button"
                                  aria-label="Quantity of Tesco Finest 2 Whole Raw Lobster Tails 220G"
                                >
                                  <span
                                    class="base-components__BaseElement-sc-1mosoyj-0 styled__InnerContainer-rsekm1-1 oznwo fuFres beans-button__inner-container"
                                    ><span
                                      class="base-components__BaseElement-sc-1mosoyj-0 styled__TextSpan-rsekm1-4 oznwo GDiMp beans-button__text"
                                      >Add</span
                                    ></span
                                  >
                                </button>
                              </div>
                            </div>
                          </div>
                        </div>
                      </div>
                      <input
                        type="hidden"
                        name="_csrf"
                        value="BeMqcJBE-zCJWuNH91oq73jFXs7WkHUAPSZM"
                      />
                    </form>
                  </div>
                </div>
              </div>
            </div>
            <div class="hidden-medium product-info-section-small">
              <div class="product-info-message-list"></div>
            </div>
          </div>
        </div>
      </div>
    </div>
  </li>
  <li class="product-list--list-item">
    <div class="styles__StyledVerticalTileWrapper-dvv1wj-0 dtCNPH">
      <div
        data-auto="product-tile"
        data-auto-type="Quantity"
        data-auto-available="true"
        data-auto-is-restricted-disabled="false"
        data-auto-is-substitute="false"
        class="styles__StyledVerticalTile-dvv1wj-1 gSCsYK"
      >
        <div class="styles__StyledTileContentWrapper-dvv1wj-2 bkNhNP beans">
          <div
            id="tile-301373057"
            data-auto-id="301373057"
            class="styles__StyledTiledContent-dvv1wj-3 bcglTg"
          >
            <a
              href="/groceries/en-GB/products/301373057"
              aria-hidden="true"
              class="product-image-wrapper"
              tabindex="1"
              ><div class="product-image__container">
                <picture
                  ><img
                    class="styled__Image-sjvkdn-0 bJErKA product-image beans-responsive-image__image"
                    src="https://digitalcontent.api.tesco.com/v2/media/ghs/26137c9d-db91-4709-b61b-a82d41bf7227/17506e80-3c88-4437-8fe6-06cbd3bd5276_609274119.jpeg?h=225&amp;w=225"
                    srcset="
                      https://digitalcontent.api.tesco.com/v2/media/ghs/26137c9d-db91-4709-b61b-a82d41bf7227/17506e80-3c88-4437-8fe6-06cbd3bd5276_609274119.jpeg?h=225&amp;w=225  768w,
                      https://digitalcontent.api.tesco.com/v2/media/ghs/26137c9d-db91-4709-b61b-a82d41bf7227/17506e80-3c88-4437-8fe6-06cbd3bd5276_609274119.jpeg?h=225&amp;w=225 4000w
                    "
                    alt="Nissin Cup Noodles Kaisen Seafood 75G"
                /></picture></div
            ></a>
            <div class="product-details--wrapper">
              <h3 class="styles__H3-oa5soe-0 bCKNNq">
                <a
                  href="/groceries/en-GB/products/301373057"
                  class="styled__Anchor-sc-1xbujuz-0 csVOnh beans-link__anchor"
                  data-auto="product-tile--title"
                  ><span
                    class="styled__Text-sc-1xbujuz-1 ldbwMG beans-link__text"
                    >Nissin Cup Noodles Kaisen Seafood 75G</span
                  ></a
                >
              </h3>
              <div
                class="styles__StyledPromotionsAboveMobile-dvv1wj-7 iPTMuo"
              ></div>
              <div class="styles__StyledProductDetailsContent-dvv1wj-5 ddRSrq">
                <a
                  href="/groceries/en-GB/reviews/submission/301373057?from=%2Fsearch%3Fquery%3Dseafood"
                  aria-label="Write a review for Nissin Cup Noodles Kaisen Seafood 75G"
                  class="styled__Anchor-sc-1xbujuz-0 jSzuDt write-a-review-link beans-link__anchor"
                  data-auto="review-link"
                  ><span
                    class="styled__Text-sc-1xbujuz-1 fyDIEo beans-link__text"
                    >Write a review</span
                  ><span
                    class="styled__IconContainer-sc-1xbujuz-2 bSauSL beans-link__icon-container"
                    ><svg
                      aria-hidden="true"
                      class="styled__SVG-xxa4wh-1 hQMCqc beans-link__icon beans-icon__svg"
                      height="13.33"
                      preserveAspectRatio="xMinYMax meet"
                      viewBox="-1 0 12 20"
                      width="8"
                      xmlns="http://www.w3.org/2000/svg"
                      color="currentColor"
                    >
                      <path
                        d="M1.312 1.348L10.276 10l-8.964 8.644"
                        fill="none"
                        stroke="currentColor"
                      ></path></svg></span
                ></a>
                <div>
                  <a
                    href="/groceries/en-GB/shop/food-cupboard/noodle-pots-and-instant-snack-meals/authentic-and-asian-inspired/authentic-and-asian-inspired-instant-noodles"
                    class="styled__Anchor-sc-1xbujuz-0 jSzuDt rest-of-shelf-link beans-link__anchor"
                    data-auto="rest-of-shelf-link"
                    ><span
                      class="styled__Text-sc-1xbujuz-1 fyDIEo beans-link__text"
                      >Rest of
                      <span class="visually-hidden"
                        >Authentic &amp; Asian Inspired Instant Noodles</span
                      >
                      shelf</span
                    ><span
                      class="styled__IconContainer-sc-1xbujuz-2 bSauSL beans-link__icon-container"
                      ><svg
                        aria-hidden="true"
                        class="styled__SVG-xxa4wh-1 hQMCqc beans-link__icon beans-icon__svg"
                        height="13.33"
                        preserveAspectRatio="xMinYMax meet"
                        viewBox="-1 0 12 20"
                        width="8"
                        xmlns="http://www.w3.org/2000/svg"
                        color="currentColor"
                      >
                        <path
                          d="M1.312 1.348L10.276 10l-8.964 8.644"
                          fill="none"
                          stroke="currentColor"
                        ></path></svg></span
                  ></a>
                </div>
                <div class="product-info-message-section">
                  <div class="product-info-message-list"></div>
                </div>
              </div>
              <div class="styles__StyledBuyBoxWrapper-dvv1wj-4 dSvjUC">
                <div
                  class="styles__StyledBuyBoxContainer-sc-1wx0qp6-0 erryje"
                  data-auto="buybox-container"
                >
                  <div class="styles__SafeFormWrapper-jtpu2t-0 lcrYKS">
                    <form
                      action="/groceries/en-GB/trolley/items/301373057?_method=PUT"
                      method="POST"
                    >
                      <input type="submit" class="hidden" /><input
                        type="hidden"
                        name="id"
                        value="301373057"
                      /><input
                        type="hidden"
                        name="identifier"
                        value="Page"
                      /><input
                        type="hidden"
                        name="anchorId"
                        value="#tile-301373057"
                      /><input
                        type="hidden"
                        name="returnUrl"
                        value="/groceries/en-GB/search?query=seafood&amp;redirectIfUnavailable=true#tile-301373057"
                      /><input type="hidden" name="backToUrl" value="#" /><input
                        type="hidden"
                        name="oldValue"
                        value="0"
                      /><input
                        type="hidden"
                        name="oldUnitChoice"
                        value="pcs"
                      /><input type="hidden" name="newUnitChoice" value="pcs" />
                      <div
                        class="base-components__RootElement-sc-1mosoyj-1 styled__Container-sc-6nhkzi-0 jptQqM hSNpTb beans-buybox__container"
                      >
                        <div
                          class="base-components__BaseElement-sc-1mosoyj-0 styled__PriceAndActions-sc-6nhkzi-3 oznwo eEPLov beans-buybox__price-and-actions"
                        >
                          <div
                            class="base-components__RootElement-sc-1mosoyj-1 styled__Container-sc-8qlq5b-0 jptQqM bgZrjw styled__StyledPrice-sc-6nhkzi-5 iYHeik beans-buybox__price beans-price__container"
                          >
                            <p
                              class="styled__StyledHeading-sc-119w3hf-2 jWPEtj styled__Text-sc-8qlq5b-1 lnaeiZ beans-price__text"
                            >
                              £1.50
                            </p>
                            <p
                              class="styled__StyledFootnote-sc-119w3hf-7 icrlVF styled__Subtext-sc-8qlq5b-2 bNJmdc beans-price__subtext"
                            >
                              £20.00/kg
                            </p>
                          </div>
                          <div
                            class="base-components__RootElement-sc-1mosoyj-1 styled__Container-vtxwzb-0 jptQqM bDFhXJ beans-buybox__actions beans-quantity-controls__container"
                          >
                            <div
                              class="base-components__RootElement-sc-1mosoyj-1 styled__Container-sc-16t2b2a-0 jptQqM PUfgZ styled__StyledFormGroup-vtxwzb-1 kzKuAr beans-quantity-controls__form-group beans-form-group__container"
                            >
                              <label
                                class="styled__StyledLabel-sc-1ttuvhr-0 izGEjV beans-form-group__label beans-label"
                                for="quantity-controls-301373057"
                                >Quantity controls<!-- -->
                              </label>
                              <div
                                class="base-components__BaseElement-sc-1mosoyj-0 styled__Children-sc-16t2b2a-3 oznwo gdJvjO beans-form-group__children"
                              >
                                <div
                                  class="styled__StyledQuantityControlWrapper-vtxwzb-6 LCxOg"
                                >
                                  <label
                                    id="quantity-controls-301373057-label"
                                    class="styled__VisuallyHiddenLabel-vtxwzb-7 gXlLiM"
                                    >Quantity of Nissin Cup Noodles Kaisen
                                    Seafood 75G</label
                                  >
                                  <div
                                    class="component__Wrapper-sc-1kpmik-3 dReplG input-wrapper"
                                  >
                                    <input
                                      type="number"
                                      class="base-components__RootElement-sc-1mosoyj-1 styled__StyledInput-sc-1jd5f57-0 component__StyledAsInput-sc-1kpmik-4 jptQqM eJLlow styled__StyledInput-vtxwzb-3 lwMHo beans-quantity-controls__input beans-input"
                                      data-auto="beans-quantity-controls-input"
                                      autocomplete="off"
                                      id="quantity-controls-301373057"
                                      maxlength="2"
                                      name="newValue"
                                      aria-labelledby="quantity-controls-301373057-label"
                                      value="1"
                                    />
                                  </div>
                                </div>
                                <button
                                  class="styled__BaseButton-rsekm1-0 styled__PrimaryButton-rsekm1-2 jChbeY geeWOF styled__StyledButton-vtxwzb-5 japAxb beans-quantity-controls__add-button beans-button__container"
                                  type="submit"
                                  data-auto="beans-quantity-controls-add-button"
                                  aria-label="Quantity of Nissin Cup Noodles Kaisen Seafood 75G"
                                >
                                  <span
                                    class="base-components__BaseElement-sc-1mosoyj-0 styled__InnerContainer-rsekm1-1 oznwo fuFres beans-button__inner-container"
                                    ><span
                                      class="base-components__BaseElement-sc-1mosoyj-0 styled__TextSpan-rsekm1-4 oznwo GDiMp beans-button__text"
                                      >Add</span
                                    ></span
                                  >
                                </button>
                              </div>
                            </div>
                          </div>
                        </div>
                      </div>
                      <input
                        type="hidden"
                        name="_csrf"
                        value="BeMqcJBE-zCJWuNH91oq73jFXs7WkHUAPSZM"
                      />
                    </form>
                  </div>
                </div>
              </div>
            </div>
            <div class="hidden-medium product-info-section-small">
              <div class="product-info-message-list"></div>
            </div>
          </div>
        </div>
      </div>
    </div>
  </li>
  <li class="product-list--list-item">
    <div class="styles__StyledVerticalTileWrapper-dvv1wj-0 dtCNPH">
      <div
        data-auto="product-tile"
        data-auto-type="Quantity"
        data-auto-available="true"
        data-auto-is-restricted-disabled="false"
        data-auto-is-substitute="false"
        class="styles__StyledVerticalTile-dvv1wj-1 gSCsYK"
      >
        <div class="styles__StyledTileContentWrapper-dvv1wj-2 bkNhNP beans">
          <div
            id="tile-303630499"
            data-auto-id="303630499"
            class="styles__StyledTiledContent-dvv1wj-3 bcglTg"
          >
            <a
              href="/groceries/en-GB/products/303630499"
              aria-hidden="true"
              class="product-image-wrapper"
              tabindex="1"
              ><div class="product-image__container">
                <picture
                  ><img
                    class="styled__Image-sjvkdn-0 bJErKA product-image beans-responsive-image__image"
                    src="https://digitalcontent.api.tesco.com/v2/media/ghs/bd027384-a49b-44c9-9df9-305f2afb0afe/44eb0afc-4899-4752-a97a-b1386d608e17.jpeg?h=225&amp;w=225"
                    srcset="
                      https://digitalcontent.api.tesco.com/v2/media/ghs/bd027384-a49b-44c9-9df9-305f2afb0afe/44eb0afc-4899-4752-a97a-b1386d608e17.jpeg?h=225&amp;w=225  768w,
                      https://digitalcontent.api.tesco.com/v2/media/ghs/bd027384-a49b-44c9-9df9-305f2afb0afe/44eb0afc-4899-4752-a97a-b1386d608e17.jpeg?h=225&amp;w=225 4000w
                    "
                    alt="Whitby Seafoods Breaded Scampi Bites 190G"
                /></picture></div
            ></a>
            <div class="product-details--wrapper">
              <h3 class="styles__H3-oa5soe-0 bCKNNq">
                <a
                  href="/groceries/en-GB/products/303630499"
                  class="styled__Anchor-sc-1xbujuz-0 csVOnh beans-link__anchor"
                  data-auto="product-tile--title"
                  ><span
                    class="styled__Text-sc-1xbujuz-1 ldbwMG beans-link__text"
                    >Whitby Seafoods Breaded Scampi Bites 190G</span
                  ></a
                >
              </h3>
              <div
                class="styles__StyledPromotionsAboveMobile-dvv1wj-7 iPTMuo"
              ></div>
              <div class="styles__StyledProductDetailsContent-dvv1wj-5 ddRSrq">
                <a
                  href="/groceries/en-GB/reviews/submission/303630499?from=%2Fsearch%3Fquery%3Dseafood"
                  aria-label="Write a review for Whitby Seafoods Breaded Scampi Bites 190G"
                  class="styled__Anchor-sc-1xbujuz-0 jSzuDt write-a-review-link beans-link__anchor"
                  data-auto="review-link"
                  ><span
                    class="styled__Text-sc-1xbujuz-1 fyDIEo beans-link__text"
                    >Write a review</span
                  ><span
                    class="styled__IconContainer-sc-1xbujuz-2 bSauSL beans-link__icon-container"
                    ><svg
                      aria-hidden="true"
                      class="styled__SVG-xxa4wh-1 hQMCqc beans-link__icon beans-icon__svg"
                      height="13.33"
                      preserveAspectRatio="xMinYMax meet"
                      viewBox="-1 0 12 20"
                      width="8"
                      xmlns="http://www.w3.org/2000/svg"
                      color="currentColor"
                    >
                      <path
                        d="M1.312 1.348L10.276 10l-8.964 8.644"
                        fill="none"
                        stroke="currentColor"
                      ></path></svg></span
                ></a>
                <div>
                  <a
                    href="/groceries/en-GB/shop/frozen-food/frozen-fish-and-seafood/frozen-scampi-and-goujons/frozen-scampi"
                    class="styled__Anchor-sc-1xbujuz-0 jSzuDt rest-of-shelf-link beans-link__anchor"
                    data-auto="rest-of-shelf-link"
                    ><span
                      class="styled__Text-sc-1xbujuz-1 fyDIEo beans-link__text"
                      >Rest of
                      <span class="visually-hidden">Frozen Scampi</span>
                      shelf</span
                    ><span
                      class="styled__IconContainer-sc-1xbujuz-2 bSauSL beans-link__icon-container"
                      ><svg
                        aria-hidden="true"
                        class="styled__SVG-xxa4wh-1 hQMCqc beans-link__icon beans-icon__svg"
                        height="13.33"
                        preserveAspectRatio="xMinYMax meet"
                        viewBox="-1 0 12 20"
                        width="8"
                        xmlns="http://www.w3.org/2000/svg"
                        color="currentColor"
                      >
                        <path
                          d="M1.312 1.348L10.276 10l-8.964 8.644"
                          fill="none"
                          stroke="currentColor"
                        ></path></svg></span
                  ></a>
                </div>
                <div class="product-info-message-section">
                  <div class="product-info-message-list">
                    <div class="styled__WhiteBackground-sc-9yzfq2-1 jthPIJ">
                      <svg
                        width="56"
                        height="56"
                        viewBox="0 0 56 56"
                        fill="none"
                        xmlns="http://www.w3.org/2000/svg"
                      >
                        <path
                          d="M47.3812 23.9997C47.3812 36.9128 36.913 47.3809 23.9999 47.3809C11.0869 47.3809 0.618652 36.9128 0.618652 23.9997C0.618652 11.0866 11.0869 0.618412 23.9999 0.618412C36.913 0.618412 47.3812 11.0866 47.3812 23.9997Z"
                          fill="white"
                        ></path>
                        <path
                          d="M47.2669 24.0006C47.2669 36.8253 36.8706 47.2217 24.046 47.2217C11.2214 47.2217 0.73291 36.9173 0.73291 24.0926C0.73291 11.2678 11.2214 0.77932 24.046 0.77932C36.8706 0.77932 47.2669 11.1758 47.2669 24.0006Z"
                          fill="white"
                        ></path>
                        <path
                          d="M40.5112 24.4162H39.8523C39.8519 28.7959 38.0789 32.7545 35.2089 35.6251C32.3383 38.4946 28.3799 40.2678 24.0004 40.268C19.6209 40.2678 15.662 38.4946 12.7914 35.6251C9.92179 32.7545 8.14879 28.7959 8.14848 24.4162C8.14879 20.0367 9.92179 16.0782 12.7914 13.2075C15.662 10.3379 19.6209 8.565 24.0004 8.56473C28.3799 8.565 32.3383 10.3379 35.2089 13.2075C38.0789 16.0782 39.8519 20.0367 39.8523 24.4162H40.5112H41.1701C41.1697 14.9333 33.4831 7.2471 24.0004 7.24669C14.5175 7.2471 6.83099 14.9333 6.83057 24.4162C6.83099 33.8993 14.5175 41.5855 24.0004 41.5859C33.4831 41.5855 41.1697 33.8993 41.1701 24.4162H40.5112Z"
                          fill="#040606"
                        ></path>
                        <path
                          d="M46.5795 24.0003H45.9377C45.9373 30.0604 43.483 35.5404 39.5122 39.5124C35.5401 43.4833 30.06 45.9373 24.0003 45.9377C17.9403 45.9373 12.4601 43.4833 8.48825 39.5124C4.51756 35.5404 2.06321 30.0604 2.06284 24.0003C2.06321 17.9406 4.51756 12.4603 8.48825 8.48857C12.4601 4.51752 17.9403 2.06367 24.0003 2.06327C30.06 2.06367 35.5401 4.51752 39.5122 8.48857C43.483 12.4603 45.9373 17.9406 45.9377 24.0003H46.5795H47.2216C47.221 11.1753 36.8253 0.779591 24.0003 0.77932C11.1753 0.779591 0.779601 11.1753 0.778809 24.0003C0.779601 36.8256 11.1753 47.2214 24.0003 47.2217C36.8253 47.2214 47.221 36.8256 47.2216 24.0003H46.5795Z"
                          fill="#EE2742"
                        ></path>
                        <path
                          d="M38.9616 9.03867C42.7926 12.8723 45.158 18.1525 45.1588 23.9999C45.158 29.8475 42.7926 35.1277 38.9615 38.9615C35.1276 42.7928 29.8473 45.1577 24.0001 45.1585C18.1525 45.1577 12.8723 42.7928 9.03866 38.9613C5.20759 35.1277 2.84225 29.8475 2.84141 23.9999C2.84225 18.1525 5.20759 12.8723 9.03882 9.03867C12.8723 5.20738 18.1525 2.84242 24.0003 2.84161C29.8473 2.84242 35.1275 5.20738 38.9616 9.03867ZM48.0003 23.2212H47.9863C47.574 10.3265 36.9948 0.000953421 24.0001 0.000141651C10.7448 0.00108872 0.00126839 10.7446 0 23.9999C0.00126839 37.2556 10.7448 47.999 24.0001 48C36.9948 47.9992 47.574 37.6736 47.9863 24.7785H48.0003V24.0019C48.0003 24.0012 48.0003 24.0005 48.0003 24V23.2212Z"
                          fill="#EE2742"
                        ></path>
                        <path
                          d="M43.7523 30.792H10.9861L10.5169 29.0828H4.30322V18.3235H43.7523V30.792Z"
                          fill="white"
                        ></path>
                        <path
                          d="M18.3762 17.2768H20.8701V18.2578H17.3135V12.5344H18.3762V17.2768Z"
                          fill="#040606"
                        ></path>
                        <path
                          d="M22.3756 17.0477C22.5852 17.277 22.8593 17.3912 23.1974 17.3912C23.5353 17.3912 23.8092 17.277 24.019 17.0477C24.2289 16.819 24.3337 16.5195 24.3337 16.1485C24.3337 15.7778 24.2289 15.478 24.019 15.2491C23.8092 15.0201 23.5353 14.9056 23.1974 14.9056C22.8593 14.9056 22.5852 15.0201 22.3756 15.2491C22.1658 15.478 22.0609 15.7778 22.0609 16.1485C22.0609 16.5195 22.1658 16.819 22.3756 17.0477ZM21.3004 15.0325C21.4802 14.7027 21.735 14.4438 22.065 14.2557C22.3947 14.0677 22.7721 13.9736 23.1974 13.9736C23.6225 13.9736 23.9999 14.0677 24.3297 14.2557C24.6594 14.4438 24.9141 14.7027 25.0943 15.0325C25.2742 15.3623 25.3639 15.7344 25.3639 16.1485C25.3639 16.5628 25.2742 16.9348 25.0943 17.2646C24.9141 17.5944 24.6594 17.8532 24.3297 18.0414C23.9999 18.2295 23.6225 18.3232 23.1974 18.3232C22.7721 18.3232 22.3947 18.2295 22.065 18.0414C21.735 17.8532 21.4802 17.5944 21.3004 17.2646C21.1205 16.9348 21.0308 16.5628 21.0308 16.1485C21.0308 15.7344 21.1205 15.3623 21.3004 15.0325Z"
                          fill="#040606"
                        ></path>
                        <path
                          d="M30.1263 18.2578H29.145L28.4339 15.4943L27.7225 18.2578H26.7411L25.4248 14.039H26.4141L27.2153 16.8024L27.9431 14.039H28.9245L29.6522 16.8024L30.4533 14.039H31.4426L30.1263 18.2578Z"
                          fill="#040606"
                        ></path>
                        <path
                          d="M18.0825 33.0868C18.2357 32.9529 18.3121 32.7552 18.3121 32.4933C18.3121 32.2312 18.2357 32.0335 18.0825 31.8996C17.9301 31.7658 17.7224 31.6994 17.4605 31.6994H16.5027V33.287H17.4605C17.7224 33.287 17.9301 33.2206 18.0825 33.0868ZM16.5027 36.4473H15.4385V30.7164H17.5426C17.9244 30.7164 18.2548 30.7944 18.5331 30.95C18.8114 31.1058 19.0243 31.3182 19.1715 31.5886C19.319 31.8587 19.3923 32.1602 19.3923 32.4933C19.3923 32.826 19.319 33.1278 19.1715 33.3979C19.0243 33.6678 18.8114 33.8807 18.5331 34.0362C18.2548 34.1918 17.9244 34.2697 17.5426 34.2697H16.5027V36.4473Z"
                          fill="#040606"
                        ></path>
                        <path
                          d="M19.8657 32.2232H20.881V32.8617C21.0007 32.6323 21.17 32.4578 21.3886 32.3378C21.6068 32.2175 21.8498 32.1576 22.117 32.1576C22.3953 32.1576 22.6137 32.2201 22.7721 32.3457L22.4281 33.2055C22.2859 33.1289 22.1361 33.0906 21.9779 33.0906C21.6611 33.0906 21.3992 33.2275 21.192 33.5C20.9847 33.773 20.881 34.1931 20.881 34.7609V36.4473H19.8657V32.2232Z"
                          fill="#040606"
                        ></path>
                        <path
                          d="M24.176 36.4473H23.1607V32.2232H24.176V36.4473ZM23.2019 30.7412C23.3273 30.6156 23.4829 30.5529 23.6684 30.5529C23.8536 30.5529 24.0094 30.6156 24.135 30.7412C24.2604 30.8669 24.3232 31.0222 24.3232 31.2077C24.3232 31.3936 24.2604 31.5488 24.135 31.6746C24.0094 31.8 23.8536 31.8628 23.6684 31.8628C23.4829 31.8628 23.3273 31.8 23.2019 31.6746C23.0764 31.5488 23.0137 31.3936 23.0137 31.2077C23.0137 31.0222 23.0764 30.8669 23.2019 30.7412Z"
                          fill="#040606"
                        ></path>
                        <path
                          d="M25.8191 36.2343C25.4966 36.0492 25.2462 35.7915 25.0659 35.4611C24.8857 35.1309 24.7959 34.7557 24.7959 34.3352C24.7959 33.9151 24.8857 33.5396 25.0659 33.2096C25.2462 32.8794 25.4966 32.6214 25.8191 32.4359C26.1407 32.2504 26.5095 32.1577 26.9241 32.1577C27.8628 32.1577 28.4985 32.5424 28.8316 33.3121L27.9066 33.7294C27.6939 33.3035 27.3662 33.0907 26.9241 33.0907C26.6076 33.0907 26.3457 33.2056 26.138 33.4348C25.9309 33.6635 25.8271 33.964 25.8271 34.3352C25.8271 34.7065 25.9309 35.0066 26.138 35.2355C26.3457 35.4651 26.6076 35.5796 26.9241 35.5796C27.3662 35.5796 27.6939 35.3667 27.9066 34.9413L28.8316 35.3588C28.4985 36.1282 27.8628 36.5127 26.9241 36.5127C26.5095 36.5127 26.1407 36.4202 25.8191 36.2343Z"
                          fill="#040606"
                        ></path>
                        <path
                          d="M32.1759 33.8603C32.1377 33.6203 32.0274 33.4238 31.8445 33.2713C31.6617 33.118 31.4312 33.0416 31.1528 33.0416C30.9178 33.0416 30.7076 33.1142 30.5225 33.2587C30.3369 33.4032 30.2084 33.604 30.1373 33.8603H32.1759ZM33.216 34.6624H30.0966C30.151 34.9734 30.2791 35.21 30.4814 35.371C30.6832 35.5321 30.9289 35.6123 31.2182 35.6123C31.4582 35.6123 31.6586 35.5621 31.8197 35.4611C31.981 35.3597 32.1351 35.2059 32.2824 34.9982L33.1422 35.4651C32.9345 35.8037 32.6714 36.0625 32.3517 36.2427C32.0327 36.4226 31.6357 36.5127 31.1608 36.5127C30.7133 36.5127 30.3297 36.4082 30.0106 36.1979C29.6913 35.9875 29.4525 35.7161 29.2943 35.383C29.1359 35.0503 29.0571 34.7009 29.0571 34.3352C29.0571 33.9697 29.1399 33.6203 29.3065 33.2872C29.473 32.9545 29.7145 32.6831 30.0313 32.4728C30.3476 32.2626 30.7217 32.1577 31.1528 32.1577C31.5889 32.1577 31.9631 32.2557 32.2742 32.4523C32.5852 32.6488 32.8197 32.9067 32.9782 33.226C33.1365 33.545 33.216 33.8849 33.216 34.2453V34.6624Z"
                          fill="#040606"
                        ></path>
                        <path
                          d="M9.13617 21.298H6.03734V22.8016H8.52242V24.0285H6.03734V26.0024H9.23843V27.2295H4.70801V20.0709H9.13617V21.298Z"
                          fill="#040606"
                        ></path>
                        <path
                          d="M9.25439 21.9527H10.5327L11.7802 25.4808L13.0281 21.9527H14.3065L12.3532 27.2295H11.2076L9.25439 21.9527Z"
                          fill="#040606"
                        ></path>
                        <path
                          d="M18.1491 23.9973C18.1012 23.6974 17.963 23.4521 17.7347 23.261C17.5062 23.0701 17.2182 22.9747 16.8707 22.9747C16.5772 22.9747 16.3147 23.065 16.0828 23.2456C15.8514 23.4262 15.6909 23.6768 15.6023 23.9973H18.1491ZM19.4475 24.9994H15.5513C15.6193 25.3881 15.7795 25.6829 16.032 25.884C16.284 26.0852 16.5909 26.186 16.9524 26.186C17.2521 26.186 17.5026 26.1228 17.7037 25.9966C17.9049 25.8703 18.0977 25.6779 18.2817 25.4187L19.3555 26.0018C19.0961 26.4242 18.7676 26.7483 18.3688 26.9734C17.9699 27.1981 17.4737 27.3105 16.8807 27.3105C16.3216 27.3105 15.8426 27.1794 15.4437 26.9167C15.0453 26.6544 14.7468 26.3152 14.5491 25.8993C14.3513 25.4837 14.2524 25.0473 14.2524 24.5906C14.2524 24.1337 14.3562 23.6974 14.5643 23.2816C14.7722 22.8656 15.0741 22.5264 15.4696 22.264C15.865 22.0016 16.3319 21.8703 16.8707 21.8703C17.4159 21.8703 17.8828 21.993 18.2715 22.2385C18.6601 22.4839 18.9531 22.8059 19.1509 23.2047C19.3486 23.6036 19.4475 24.028 19.4475 24.478V24.9994Z"
                          fill="#040606"
                        ></path>
                        <path
                          d="M20.1338 21.9527H21.4018V22.7501C21.5515 22.4639 21.7634 22.2458 22.036 22.0959C22.3087 21.9458 22.612 21.8709 22.9463 21.8709C23.2937 21.8709 23.5665 21.9492 23.7642 22.1059L23.3349 23.1797C23.1574 23.0845 22.9698 23.0366 22.772 23.0366C22.3767 23.0366 22.0497 23.207 21.7903 23.5478C21.5315 23.8889 21.4018 24.4139 21.4018 25.1227V27.2295H20.1338V21.9527Z"
                          fill="#040606"
                        ></path>
                        <path
                          d="M25.7172 26.9022L23.8047 21.9528H25.0831L26.3206 25.3068L27.4865 21.9528H28.7545L26.0545 29.3154H24.8275L25.7172 26.9022Z"
                          fill="#040606"
                        ></path>
                        <path
                          d="M32.1759 25.7254C32.4245 25.446 32.5493 25.0676 32.5493 24.5906C32.5493 24.1133 32.4245 23.735 32.1759 23.4553C31.9268 23.1759 31.6152 23.036 31.2402 23.036C30.865 23.036 30.5531 23.1759 30.3045 23.4553C30.0554 23.735 29.9311 24.1133 29.9311 24.5906C29.9311 25.0676 30.0554 25.446 30.3045 25.7254C30.5531 26.0054 30.865 26.1448 31.2402 26.1448C31.6152 26.1448 31.9268 26.0054 32.1759 25.7254ZM29.7573 26.9631C29.403 26.7312 29.125 26.4072 28.9239 25.9916C28.7227 25.5757 28.6221 25.1086 28.6221 24.5906C28.6221 24.0656 28.7192 23.5968 28.9136 23.1845C29.1081 22.7719 29.3789 22.4498 29.727 22.2179C30.0745 21.9864 30.4733 21.8703 30.9232 21.8703C31.2775 21.8703 31.5877 21.9335 31.8535 22.0596C32.1196 22.1857 32.3243 22.3646 32.4673 22.5963V19.9886H33.7353V27.229H32.4673V26.5947C32.317 26.8062 32.1128 26.9783 31.8535 27.1111C31.5945 27.2441 31.2878 27.3105 30.9335 27.3105C30.5042 27.3105 30.1117 27.1947 29.7573 26.9631Z"
                          fill="#040606"
                        ></path>
                        <path
                          d="M37.3676 25.9197C37.603 25.7151 37.7204 25.4631 37.7204 25.1631V25.02H36.7184C36.4252 25.02 36.1916 25.0763 36.0177 25.1887C35.844 25.3011 35.7569 25.4562 35.7569 25.654C35.7569 25.838 35.8201 25.9794 35.9462 26.0784C36.0721 26.1772 36.258 26.2267 36.5037 26.2267C36.8444 26.2267 37.1326 26.1244 37.3676 25.9197ZM35.3272 27.1267C35.0547 27.0038 34.8363 26.8247 34.6729 26.5897C34.5093 26.3544 34.4277 26.073 34.4277 25.746C34.4277 25.2278 34.6219 24.8106 35.0105 24.4933C35.3992 24.1764 35.9241 24.0177 36.5854 24.0177H37.7204V23.8336C37.7204 23.5679 37.6284 23.3549 37.4444 23.1945C37.2603 23.0344 37.0113 22.9542 36.698 22.9542C36.4455 22.9542 36.2173 23.0207 36.0129 23.1536C35.8083 23.2866 35.6546 23.4419 35.5523 23.619L34.5809 23.036C34.7649 22.7021 35.0375 22.4244 35.3992 22.2028C35.7603 21.981 36.1931 21.8703 36.698 21.8703C37.4205 21.8703 37.9827 22.0439 38.385 22.3916C38.7873 22.7395 38.9885 23.2405 38.9885 23.8952V27.229H37.9455L37.7718 26.554C37.6009 26.7859 37.3846 26.97 37.1223 27.1061C36.8595 27.2425 36.5512 27.3105 36.1969 27.3105C35.8899 27.3105 35.6003 27.2494 35.3272 27.1267Z"
                          fill="#040606"
                        ></path>
                        <path
                          d="M40.9395 26.9022L39.0273 21.9528H40.3056L41.5429 25.3068L42.7087 21.9528H43.9767L41.2772 29.3154H40.0498L40.9395 26.9022Z"
                          fill="#040606"
                        ></path>
                      </svg>
                      <p
                        class="styled__StyledBodyText-sc-119w3hf-5 ggtTyf styled__DarkGreyBodyText-sc-9yzfq2-2 lmkdDf"
                      >
                        Low Everyday Price
                      </p>
                    </div>
                  </div>
                </div>
              </div>
              <div class="styles__StyledBuyBoxWrapper-dvv1wj-4 dSvjUC">
                <div
                  class="styles__StyledBuyBoxContainer-sc-1wx0qp6-0 erryje"
                  data-auto="buybox-container"
                >
                  <div class="styles__SafeFormWrapper-jtpu2t-0 lcrYKS">
                    <form
                      action="/groceries/en-GB/trolley/items/303630499?_method=PUT"
                      method="POST"
                    >
                      <input type="submit" class="hidden" /><input
                        type="hidden"
                        name="id"
                        value="303630499"
                      /><input
                        type="hidden"
                        name="identifier"
                        value="Page"
                      /><input
                        type="hidden"
                        name="anchorId"
                        value="#tile-303630499"
                      /><input
                        type="hidden"
                        name="returnUrl"
                        value="/groceries/en-GB/search?query=seafood&amp;redirectIfUnavailable=true#tile-303630499"
                      /><input type="hidden" name="backToUrl" value="#" /><input
                        type="hidden"
                        name="oldValue"
                        value="0"
                      /><input
                        type="hidden"
                        name="oldUnitChoice"
                        value="pcs"
                      /><input type="hidden" name="newUnitChoice" value="pcs" />
                      <div
                        class="base-components__RootElement-sc-1mosoyj-1 styled__Container-sc-6nhkzi-0 jptQqM hSNpTb beans-buybox__container"
                      >
                        <div
                          class="base-components__BaseElement-sc-1mosoyj-0 styled__PriceAndActions-sc-6nhkzi-3 oznwo eEPLov beans-buybox__price-and-actions"
                        >
                          <div
                            class="base-components__RootElement-sc-1mosoyj-1 styled__Container-sc-8qlq5b-0 jptQqM bgZrjw styled__StyledPrice-sc-6nhkzi-5 iYHeik beans-buybox__price beans-price__container"
                          >
                            <p
                              class="styled__StyledHeading-sc-119w3hf-2 jWPEtj styled__Text-sc-8qlq5b-1 lnaeiZ beans-price__text"
                            >
                              £1.45
                            </p>
                            <p
                              class="styled__StyledFootnote-sc-119w3hf-7 icrlVF styled__Subtext-sc-8qlq5b-2 bNJmdc beans-price__subtext"
                            >
                              £7.64/kg
                            </p>
                          </div>
                          <div
                            class="base-components__RootElement-sc-1mosoyj-1 styled__Container-vtxwzb-0 jptQqM bDFhXJ beans-buybox__actions beans-quantity-controls__container"
                          >
                            <div
                              class="base-components__RootElement-sc-1mosoyj-1 styled__Container-sc-16t2b2a-0 jptQqM PUfgZ styled__StyledFormGroup-vtxwzb-1 kzKuAr beans-quantity-controls__form-group beans-form-group__container"
                            >
                              <label
                                class="styled__StyledLabel-sc-1ttuvhr-0 izGEjV beans-form-group__label beans-label"
                                for="quantity-controls-303630499"
                                >Quantity controls<!-- -->
                              </label>
                              <div
                                class="base-components__BaseElement-sc-1mosoyj-0 styled__Children-sc-16t2b2a-3 oznwo gdJvjO beans-form-group__children"
                              >
                                <div
                                  class="styled__StyledQuantityControlWrapper-vtxwzb-6 LCxOg"
                                >
                                  <label
                                    id="quantity-controls-303630499-label"
                                    class="styled__VisuallyHiddenLabel-vtxwzb-7 gXlLiM"
                                    >Quantity of Whitby Seafoods Breaded Scampi
                                    Bites 190G</label
                                  >
                                  <div
                                    class="component__Wrapper-sc-1kpmik-3 dReplG input-wrapper"
                                  >
                                    <input
                                      type="number"
                                      class="base-components__RootElement-sc-1mosoyj-1 styled__StyledInput-sc-1jd5f57-0 component__StyledAsInput-sc-1kpmik-4 jptQqM eJLlow styled__StyledInput-vtxwzb-3 lwMHo beans-quantity-controls__input beans-input"
                                      data-auto="beans-quantity-controls-input"
                                      autocomplete="off"
                                      id="quantity-controls-303630499"
                                      maxlength="2"
                                      name="newValue"
                                      aria-labelledby="quantity-controls-303630499-label"
                                      value="1"
                                    />
                                  </div>
                                </div>
                                <button
                                  class="styled__BaseButton-rsekm1-0 styled__PrimaryButton-rsekm1-2 jChbeY geeWOF styled__StyledButton-vtxwzb-5 japAxb beans-quantity-controls__add-button beans-button__container"
                                  type="submit"
                                  data-auto="beans-quantity-controls-add-button"
                                  aria-label="Quantity of Whitby Seafoods Breaded Scampi Bites 190G"
                                >
                                  <span
                                    class="base-components__BaseElement-sc-1mosoyj-0 styled__InnerContainer-rsekm1-1 oznwo fuFres beans-button__inner-container"
                                    ><span
                                      class="base-components__BaseElement-sc-1mosoyj-0 styled__TextSpan-rsekm1-4 oznwo GDiMp beans-button__text"
                                      >Add</span
                                    ></span
                                  >
                                </button>
                              </div>
                            </div>
                          </div>
                        </div>
                      </div>
                      <input
                        type="hidden"
                        name="_csrf"
                        value="BeMqcJBE-zCJWuNH91oq73jFXs7WkHUAPSZM"
                      />
                    </form>
                  </div>
                </div>
              </div>
            </div>
            <div class="hidden-medium product-info-section-small">
              <div class="product-info-message-list">
                <div class="styled__WhiteBackground-sc-9yzfq2-1 jthPIJ">
                  <svg
                    width="56"
                    height="56"
                    viewBox="0 0 56 56"
                    fill="none"
                    xmlns="http://www.w3.org/2000/svg"
                  >
                    <path
                      d="M47.3812 23.9997C47.3812 36.9128 36.913 47.3809 23.9999 47.3809C11.0869 47.3809 0.618652 36.9128 0.618652 23.9997C0.618652 11.0866 11.0869 0.618412 23.9999 0.618412C36.913 0.618412 47.3812 11.0866 47.3812 23.9997Z"
                      fill="white"
                    ></path>
                    <path
                      d="M47.2669 24.0006C47.2669 36.8253 36.8706 47.2217 24.046 47.2217C11.2214 47.2217 0.73291 36.9173 0.73291 24.0926C0.73291 11.2678 11.2214 0.77932 24.046 0.77932C36.8706 0.77932 47.2669 11.1758 47.2669 24.0006Z"
                      fill="white"
                    ></path>
                    <path
                      d="M40.5112 24.4162H39.8523C39.8519 28.7959 38.0789 32.7545 35.2089 35.6251C32.3383 38.4946 28.3799 40.2678 24.0004 40.268C19.6209 40.2678 15.662 38.4946 12.7914 35.6251C9.92179 32.7545 8.14879 28.7959 8.14848 24.4162C8.14879 20.0367 9.92179 16.0782 12.7914 13.2075C15.662 10.3379 19.6209 8.565 24.0004 8.56473C28.3799 8.565 32.3383 10.3379 35.2089 13.2075C38.0789 16.0782 39.8519 20.0367 39.8523 24.4162H40.5112H41.1701C41.1697 14.9333 33.4831 7.2471 24.0004 7.24669C14.5175 7.2471 6.83099 14.9333 6.83057 24.4162C6.83099 33.8993 14.5175 41.5855 24.0004 41.5859C33.4831 41.5855 41.1697 33.8993 41.1701 24.4162H40.5112Z"
                      fill="#040606"
                    ></path>
                    <path
                      d="M46.5795 24.0003H45.9377C45.9373 30.0604 43.483 35.5404 39.5122 39.5124C35.5401 43.4833 30.06 45.9373 24.0003 45.9377C17.9403 45.9373 12.4601 43.4833 8.48825 39.5124C4.51756 35.5404 2.06321 30.0604 2.06284 24.0003C2.06321 17.9406 4.51756 12.4603 8.48825 8.48857C12.4601 4.51752 17.9403 2.06367 24.0003 2.06327C30.06 2.06367 35.5401 4.51752 39.5122 8.48857C43.483 12.4603 45.9373 17.9406 45.9377 24.0003H46.5795H47.2216C47.221 11.1753 36.8253 0.779591 24.0003 0.77932C11.1753 0.779591 0.779601 11.1753 0.778809 24.0003C0.779601 36.8256 11.1753 47.2214 24.0003 47.2217C36.8253 47.2214 47.221 36.8256 47.2216 24.0003H46.5795Z"
                      fill="#EE2742"
                    ></path>
                    <path
                      d="M38.9616 9.03867C42.7926 12.8723 45.158 18.1525 45.1588 23.9999C45.158 29.8475 42.7926 35.1277 38.9615 38.9615C35.1276 42.7928 29.8473 45.1577 24.0001 45.1585C18.1525 45.1577 12.8723 42.7928 9.03866 38.9613C5.20759 35.1277 2.84225 29.8475 2.84141 23.9999C2.84225 18.1525 5.20759 12.8723 9.03882 9.03867C12.8723 5.20738 18.1525 2.84242 24.0003 2.84161C29.8473 2.84242 35.1275 5.20738 38.9616 9.03867ZM48.0003 23.2212H47.9863C47.574 10.3265 36.9948 0.000953421 24.0001 0.000141651C10.7448 0.00108872 0.00126839 10.7446 0 23.9999C0.00126839 37.2556 10.7448 47.999 24.0001 48C36.9948 47.9992 47.574 37.6736 47.9863 24.7785H48.0003V24.0019C48.0003 24.0012 48.0003 24.0005 48.0003 24V23.2212Z"
                      fill="#EE2742"
                    ></path>
                    <path
                      d="M43.7523 30.792H10.9861L10.5169 29.0828H4.30322V18.3235H43.7523V30.792Z"
                      fill="white"
                    ></path>
                    <path
                      d="M18.3762 17.2768H20.8701V18.2578H17.3135V12.5344H18.3762V17.2768Z"
                      fill="#040606"
                    ></path>
                    <path
                      d="M22.3756 17.0477C22.5852 17.277 22.8593 17.3912 23.1974 17.3912C23.5353 17.3912 23.8092 17.277 24.019 17.0477C24.2289 16.819 24.3337 16.5195 24.3337 16.1485C24.3337 15.7778 24.2289 15.478 24.019 15.2491C23.8092 15.0201 23.5353 14.9056 23.1974 14.9056C22.8593 14.9056 22.5852 15.0201 22.3756 15.2491C22.1658 15.478 22.0609 15.7778 22.0609 16.1485C22.0609 16.5195 22.1658 16.819 22.3756 17.0477ZM21.3004 15.0325C21.4802 14.7027 21.735 14.4438 22.065 14.2557C22.3947 14.0677 22.7721 13.9736 23.1974 13.9736C23.6225 13.9736 23.9999 14.0677 24.3297 14.2557C24.6594 14.4438 24.9141 14.7027 25.0943 15.0325C25.2742 15.3623 25.3639 15.7344 25.3639 16.1485C25.3639 16.5628 25.2742 16.9348 25.0943 17.2646C24.9141 17.5944 24.6594 17.8532 24.3297 18.0414C23.9999 18.2295 23.6225 18.3232 23.1974 18.3232C22.7721 18.3232 22.3947 18.2295 22.065 18.0414C21.735 17.8532 21.4802 17.5944 21.3004 17.2646C21.1205 16.9348 21.0308 16.5628 21.0308 16.1485C21.0308 15.7344 21.1205 15.3623 21.3004 15.0325Z"
                      fill="#040606"
                    ></path>
                    <path
                      d="M30.1263 18.2578H29.145L28.4339 15.4943L27.7225 18.2578H26.7411L25.4248 14.039H26.4141L27.2153 16.8024L27.9431 14.039H28.9245L29.6522 16.8024L30.4533 14.039H31.4426L30.1263 18.2578Z"
                      fill="#040606"
                    ></path>
                    <path
                      d="M18.0825 33.0868C18.2357 32.9529 18.3121 32.7552 18.3121 32.4933C18.3121 32.2312 18.2357 32.0335 18.0825 31.8996C17.9301 31.7658 17.7224 31.6994 17.4605 31.6994H16.5027V33.287H17.4605C17.7224 33.287 17.9301 33.2206 18.0825 33.0868ZM16.5027 36.4473H15.4385V30.7164H17.5426C17.9244 30.7164 18.2548 30.7944 18.5331 30.95C18.8114 31.1058 19.0243 31.3182 19.1715 31.5886C19.319 31.8587 19.3923 32.1602 19.3923 32.4933C19.3923 32.826 19.319 33.1278 19.1715 33.3979C19.0243 33.6678 18.8114 33.8807 18.5331 34.0362C18.2548 34.1918 17.9244 34.2697 17.5426 34.2697H16.5027V36.4473Z"
                      fill="#040606"
                    ></path>
                    <path
                      d="M19.8657 32.2232H20.881V32.8617C21.0007 32.6323 21.17 32.4578 21.3886 32.3378C21.6068 32.2175 21.8498 32.1576 22.117 32.1576C22.3953 32.1576 22.6137 32.2201 22.7721 32.3457L22.4281 33.2055C22.2859 33.1289 22.1361 33.0906 21.9779 33.0906C21.6611 33.0906 21.3992 33.2275 21.192 33.5C20.9847 33.773 20.881 34.1931 20.881 34.7609V36.4473H19.8657V32.2232Z"
                      fill="#040606"
                    ></path>
                    <path
                      d="M24.176 36.4473H23.1607V32.2232H24.176V36.4473ZM23.2019 30.7412C23.3273 30.6156 23.4829 30.5529 23.6684 30.5529C23.8536 30.5529 24.0094 30.6156 24.135 30.7412C24.2604 30.8669 24.3232 31.0222 24.3232 31.2077C24.3232 31.3936 24.2604 31.5488 24.135 31.6746C24.0094 31.8 23.8536 31.8628 23.6684 31.8628C23.4829 31.8628 23.3273 31.8 23.2019 31.6746C23.0764 31.5488 23.0137 31.3936 23.0137 31.2077C23.0137 31.0222 23.0764 30.8669 23.2019 30.7412Z"
                      fill="#040606"
                    ></path>
                    <path
                      d="M25.8191 36.2343C25.4966 36.0492 25.2462 35.7915 25.0659 35.4611C24.8857 35.1309 24.7959 34.7557 24.7959 34.3352C24.7959 33.9151 24.8857 33.5396 25.0659 33.2096C25.2462 32.8794 25.4966 32.6214 25.8191 32.4359C26.1407 32.2504 26.5095 32.1577 26.9241 32.1577C27.8628 32.1577 28.4985 32.5424 28.8316 33.3121L27.9066 33.7294C27.6939 33.3035 27.3662 33.0907 26.9241 33.0907C26.6076 33.0907 26.3457 33.2056 26.138 33.4348C25.9309 33.6635 25.8271 33.964 25.8271 34.3352C25.8271 34.7065 25.9309 35.0066 26.138 35.2355C26.3457 35.4651 26.6076 35.5796 26.9241 35.5796C27.3662 35.5796 27.6939 35.3667 27.9066 34.9413L28.8316 35.3588C28.4985 36.1282 27.8628 36.5127 26.9241 36.5127C26.5095 36.5127 26.1407 36.4202 25.8191 36.2343Z"
                      fill="#040606"
                    ></path>
                    <path
                      d="M32.1759 33.8603C32.1377 33.6203 32.0274 33.4238 31.8445 33.2713C31.6617 33.118 31.4312 33.0416 31.1528 33.0416C30.9178 33.0416 30.7076 33.1142 30.5225 33.2587C30.3369 33.4032 30.2084 33.604 30.1373 33.8603H32.1759ZM33.216 34.6624H30.0966C30.151 34.9734 30.2791 35.21 30.4814 35.371C30.6832 35.5321 30.9289 35.6123 31.2182 35.6123C31.4582 35.6123 31.6586 35.5621 31.8197 35.4611C31.981 35.3597 32.1351 35.2059 32.2824 34.9982L33.1422 35.4651C32.9345 35.8037 32.6714 36.0625 32.3517 36.2427C32.0327 36.4226 31.6357 36.5127 31.1608 36.5127C30.7133 36.5127 30.3297 36.4082 30.0106 36.1979C29.6913 35.9875 29.4525 35.7161 29.2943 35.383C29.1359 35.0503 29.0571 34.7009 29.0571 34.3352C29.0571 33.9697 29.1399 33.6203 29.3065 33.2872C29.473 32.9545 29.7145 32.6831 30.0313 32.4728C30.3476 32.2626 30.7217 32.1577 31.1528 32.1577C31.5889 32.1577 31.9631 32.2557 32.2742 32.4523C32.5852 32.6488 32.8197 32.9067 32.9782 33.226C33.1365 33.545 33.216 33.8849 33.216 34.2453V34.6624Z"
                      fill="#040606"
                    ></path>
                    <path
                      d="M9.13617 21.298H6.03734V22.8016H8.52242V24.0285H6.03734V26.0024H9.23843V27.2295H4.70801V20.0709H9.13617V21.298Z"
                      fill="#040606"
                    ></path>
                    <path
                      d="M9.25439 21.9527H10.5327L11.7802 25.4808L13.0281 21.9527H14.3065L12.3532 27.2295H11.2076L9.25439 21.9527Z"
                      fill="#040606"
                    ></path>
                    <path
                      d="M18.1491 23.9973C18.1012 23.6974 17.963 23.4521 17.7347 23.261C17.5062 23.0701 17.2182 22.9747 16.8707 22.9747C16.5772 22.9747 16.3147 23.065 16.0828 23.2456C15.8514 23.4262 15.6909 23.6768 15.6023 23.9973H18.1491ZM19.4475 24.9994H15.5513C15.6193 25.3881 15.7795 25.6829 16.032 25.884C16.284 26.0852 16.5909 26.186 16.9524 26.186C17.2521 26.186 17.5026 26.1228 17.7037 25.9966C17.9049 25.8703 18.0977 25.6779 18.2817 25.4187L19.3555 26.0018C19.0961 26.4242 18.7676 26.7483 18.3688 26.9734C17.9699 27.1981 17.4737 27.3105 16.8807 27.3105C16.3216 27.3105 15.8426 27.1794 15.4437 26.9167C15.0453 26.6544 14.7468 26.3152 14.5491 25.8993C14.3513 25.4837 14.2524 25.0473 14.2524 24.5906C14.2524 24.1337 14.3562 23.6974 14.5643 23.2816C14.7722 22.8656 15.0741 22.5264 15.4696 22.264C15.865 22.0016 16.3319 21.8703 16.8707 21.8703C17.4159 21.8703 17.8828 21.993 18.2715 22.2385C18.6601 22.4839 18.9531 22.8059 19.1509 23.2047C19.3486 23.6036 19.4475 24.028 19.4475 24.478V24.9994Z"
                      fill="#040606"
                    ></path>
                    <path
                      d="M20.1338 21.9527H21.4018V22.7501C21.5515 22.4639 21.7634 22.2458 22.036 22.0959C22.3087 21.9458 22.612 21.8709 22.9463 21.8709C23.2937 21.8709 23.5665 21.9492 23.7642 22.1059L23.3349 23.1797C23.1574 23.0845 22.9698 23.0366 22.772 23.0366C22.3767 23.0366 22.0497 23.207 21.7903 23.5478C21.5315 23.8889 21.4018 24.4139 21.4018 25.1227V27.2295H20.1338V21.9527Z"
                      fill="#040606"
                    ></path>
                    <path
                      d="M25.7172 26.9022L23.8047 21.9528H25.0831L26.3206 25.3068L27.4865 21.9528H28.7545L26.0545 29.3154H24.8275L25.7172 26.9022Z"
                      fill="#040606"
                    ></path>
                    <path
                      d="M32.1759 25.7254C32.4245 25.446 32.5493 25.0676 32.5493 24.5906C32.5493 24.1133 32.4245 23.735 32.1759 23.4553C31.9268 23.1759 31.6152 23.036 31.2402 23.036C30.865 23.036 30.5531 23.1759 30.3045 23.4553C30.0554 23.735 29.9311 24.1133 29.9311 24.5906C29.9311 25.0676 30.0554 25.446 30.3045 25.7254C30.5531 26.0054 30.865 26.1448 31.2402 26.1448C31.6152 26.1448 31.9268 26.0054 32.1759 25.7254ZM29.7573 26.9631C29.403 26.7312 29.125 26.4072 28.9239 25.9916C28.7227 25.5757 28.6221 25.1086 28.6221 24.5906C28.6221 24.0656 28.7192 23.5968 28.9136 23.1845C29.1081 22.7719 29.3789 22.4498 29.727 22.2179C30.0745 21.9864 30.4733 21.8703 30.9232 21.8703C31.2775 21.8703 31.5877 21.9335 31.8535 22.0596C32.1196 22.1857 32.3243 22.3646 32.4673 22.5963V19.9886H33.7353V27.229H32.4673V26.5947C32.317 26.8062 32.1128 26.9783 31.8535 27.1111C31.5945 27.2441 31.2878 27.3105 30.9335 27.3105C30.5042 27.3105 30.1117 27.1947 29.7573 26.9631Z"
                      fill="#040606"
                    ></path>
                    <path
                      d="M37.3676 25.9197C37.603 25.7151 37.7204 25.4631 37.7204 25.1631V25.02H36.7184C36.4252 25.02 36.1916 25.0763 36.0177 25.1887C35.844 25.3011 35.7569 25.4562 35.7569 25.654C35.7569 25.838 35.8201 25.9794 35.9462 26.0784C36.0721 26.1772 36.258 26.2267 36.5037 26.2267C36.8444 26.2267 37.1326 26.1244 37.3676 25.9197ZM35.3272 27.1267C35.0547 27.0038 34.8363 26.8247 34.6729 26.5897C34.5093 26.3544 34.4277 26.073 34.4277 25.746C34.4277 25.2278 34.6219 24.8106 35.0105 24.4933C35.3992 24.1764 35.9241 24.0177 36.5854 24.0177H37.7204V23.8336C37.7204 23.5679 37.6284 23.3549 37.4444 23.1945C37.2603 23.0344 37.0113 22.9542 36.698 22.9542C36.4455 22.9542 36.2173 23.0207 36.0129 23.1536C35.8083 23.2866 35.6546 23.4419 35.5523 23.619L34.5809 23.036C34.7649 22.7021 35.0375 22.4244 35.3992 22.2028C35.7603 21.981 36.1931 21.8703 36.698 21.8703C37.4205 21.8703 37.9827 22.0439 38.385 22.3916C38.7873 22.7395 38.9885 23.2405 38.9885 23.8952V27.229H37.9455L37.7718 26.554C37.6009 26.7859 37.3846 26.97 37.1223 27.1061C36.8595 27.2425 36.5512 27.3105 36.1969 27.3105C35.8899 27.3105 35.6003 27.2494 35.3272 27.1267Z"
                      fill="#040606"
                    ></path>
                    <path
                      d="M40.9395 26.9022L39.0273 21.9528H40.3056L41.5429 25.3068L42.7087 21.9528H43.9767L41.2772 29.3154H40.0498L40.9395 26.9022Z"
                      fill="#040606"
                    ></path>
                  </svg>
                  <p
                    class="styled__StyledBodyText-sc-119w3hf-5 ggtTyf styled__DarkGreyBodyText-sc-9yzfq2-2 lmkdDf"
                  >
                    Low Everyday Price
                  </p>
                </div>
              </div>
            </div>
          </div>
        </div>
      </div>
    </div>
  </li>
  <li class="product-list--list-item">
    <div class="styles__StyledVerticalTileWrapper-dvv1wj-0 dtCNPH">
      <div
        data-auto="product-tile"
        data-auto-type="Quantity"
        data-auto-available="true"
        data-auto-is-restricted-disabled="false"
        data-auto-is-substitute="false"
        class="styles__StyledVerticalTile-dvv1wj-1 gSCsYK"
      >
        <div class="styles__StyledTileContentWrapper-dvv1wj-2 bkNhNP beans">
          <div
            id="tile-289840231"
            data-auto-id="289840231"
            class="styles__StyledTiledContent-dvv1wj-3 bcglTg"
          >
            <a
              href="/groceries/en-GB/products/289840231"
              aria-hidden="true"
              class="product-image-wrapper"
              tabindex="1"
              ><div class="product-image__container">
                <picture
                  ><img
                    class="styled__Image-sjvkdn-0 bJErKA product-image beans-responsive-image__image"
                    src="https://digitalcontent.api.tesco.com/v2/media/ghs/cb7d0d49-05cd-472e-930b-40e10c11d0a2/ce12150f-7a08-4208-ac70-b999d5571831.jpeg?h=225&amp;w=225"
                    srcset="
                      https://digitalcontent.api.tesco.com/v2/media/ghs/cb7d0d49-05cd-472e-930b-40e10c11d0a2/ce12150f-7a08-4208-ac70-b999d5571831.jpeg?h=225&amp;w=225  768w,
                      https://digitalcontent.api.tesco.com/v2/media/ghs/cb7d0d49-05cd-472e-930b-40e10c11d0a2/ce12150f-7a08-4208-ac70-b999d5571831.jpeg?h=225&amp;w=225 4000w
                    "
                    alt="Tesco Cooked Mussels 400G"
                /></picture></div
            ></a>
            <div class="product-details--wrapper">
              <h3 class="styles__H3-oa5soe-0 bCKNNq">
                <a
                  href="/groceries/en-GB/products/289840231"
                  class="styled__Anchor-sc-1xbujuz-0 csVOnh beans-link__anchor"
                  data-auto="product-tile--title"
                  ><span
                    class="styled__Text-sc-1xbujuz-1 ldbwMG beans-link__text"
                    >Tesco Cooked Mussels 400G</span
                  ></a
                >
              </h3>
              <div
                class="styles__StyledPromotionsAboveMobile-dvv1wj-7 iPTMuo"
              ></div>
              <div class="styles__StyledProductDetailsContent-dvv1wj-5 ddRSrq">
                <a
                  href="/groceries/en-GB/reviews/submission/289840231?from=%2Fsearch%3Fquery%3Dseafood"
                  aria-label="Write a review for Tesco Cooked Mussels 400G"
                  class="styled__Anchor-sc-1xbujuz-0 jSzuDt write-a-review-link beans-link__anchor"
                  data-auto="review-link"
                  ><span
                    class="styled__Text-sc-1xbujuz-1 fyDIEo beans-link__text"
                    >Write a review</span
                  ><span
                    class="styled__IconContainer-sc-1xbujuz-2 bSauSL beans-link__icon-container"
                    ><svg
                      aria-hidden="true"
                      class="styled__SVG-xxa4wh-1 hQMCqc beans-link__icon beans-icon__svg"
                      height="13.33"
                      preserveAspectRatio="xMinYMax meet"
                      viewBox="-1 0 12 20"
                      width="8"
                      xmlns="http://www.w3.org/2000/svg"
                      color="currentColor"
                    >
                      <path
                        d="M1.312 1.348L10.276 10l-8.964 8.644"
                        fill="none"
                        stroke="currentColor"
                      ></path></svg></span
                ></a>
                <div>
                  <a
                    href="/groceries/en-GB/shop/frozen-food/frozen-fish-and-seafood/frozen-seafood-and-shellfish/frozen-seafood-and-shellfish"
                    class="styled__Anchor-sc-1xbujuz-0 jSzuDt rest-of-shelf-link beans-link__anchor"
                    data-auto="rest-of-shelf-link"
                    ><span
                      class="styled__Text-sc-1xbujuz-1 fyDIEo beans-link__text"
                      >Rest of
                      <span class="visually-hidden"
                        >Frozen Seafood &amp; Shellfish</span
                      >
                      shelf</span
                    ><span
                      class="styled__IconContainer-sc-1xbujuz-2 bSauSL beans-link__icon-container"
                      ><svg
                        aria-hidden="true"
                        class="styled__SVG-xxa4wh-1 hQMCqc beans-link__icon beans-icon__svg"
                        height="13.33"
                        preserveAspectRatio="xMinYMax meet"
                        viewBox="-1 0 12 20"
                        width="8"
                        xmlns="http://www.w3.org/2000/svg"
                        color="currentColor"
                      >
                        <path
                          d="M1.312 1.348L10.276 10l-8.964 8.644"
                          fill="none"
                          stroke="currentColor"
                        ></path></svg></span
                  ></a>
                </div>
                <div class="product-info-message-section">
                  <div class="product-info-message-list"></div>
                </div>
              </div>
              <div class="styles__StyledBuyBoxWrapper-dvv1wj-4 dSvjUC">
                <div
                  class="styles__StyledBuyBoxContainer-sc-1wx0qp6-0 erryje"
                  data-auto="buybox-container"
                >
                  <div class="styles__SafeFormWrapper-jtpu2t-0 lcrYKS">
                    <form
                      action="/groceries/en-GB/trolley/items/289840231?_method=PUT"
                      method="POST"
                    >
                      <input type="submit" class="hidden" /><input
                        type="hidden"
                        name="id"
                        value="289840231"
                      /><input
                        type="hidden"
                        name="identifier"
                        value="Page"
                      /><input
                        type="hidden"
                        name="anchorId"
                        value="#tile-289840231"
                      /><input
                        type="hidden"
                        name="returnUrl"
                        value="/groceries/en-GB/search?query=seafood&amp;redirectIfUnavailable=true#tile-289840231"
                      /><input type="hidden" name="backToUrl" value="#" /><input
                        type="hidden"
                        name="oldValue"
                        value="0"
                      /><input
                        type="hidden"
                        name="oldUnitChoice"
                        value="pcs"
                      /><input type="hidden" name="newUnitChoice" value="pcs" />
                      <div
                        class="base-components__RootElement-sc-1mosoyj-1 styled__Container-sc-6nhkzi-0 jptQqM hSNpTb beans-buybox__container"
                      >
                        <div
                          class="base-components__BaseElement-sc-1mosoyj-0 styled__PriceAndActions-sc-6nhkzi-3 oznwo eEPLov beans-buybox__price-and-actions"
                        >
                          <div
                            class="base-components__RootElement-sc-1mosoyj-1 styled__Container-sc-8qlq5b-0 jptQqM bgZrjw styled__StyledPrice-sc-6nhkzi-5 iYHeik beans-buybox__price beans-price__container"
                          >
                            <p
                              class="styled__StyledHeading-sc-119w3hf-2 jWPEtj styled__Text-sc-8qlq5b-1 lnaeiZ beans-price__text"
                            >
                              £3.00
                            </p>
                            <p
                              class="styled__StyledFootnote-sc-119w3hf-7 icrlVF styled__Subtext-sc-8qlq5b-2 bNJmdc beans-price__subtext"
                            >
                              £7.50/kg
                            </p>
                          </div>
                          <div
                            class="base-components__RootElement-sc-1mosoyj-1 styled__Container-vtxwzb-0 jptQqM bDFhXJ beans-buybox__actions beans-quantity-controls__container"
                          >
                            <div
                              class="base-components__RootElement-sc-1mosoyj-1 styled__Container-sc-16t2b2a-0 jptQqM PUfgZ styled__StyledFormGroup-vtxwzb-1 kzKuAr beans-quantity-controls__form-group beans-form-group__container"
                            >
                              <label
                                class="styled__StyledLabel-sc-1ttuvhr-0 izGEjV beans-form-group__label beans-label"
                                for="quantity-controls-289840231"
                                >Quantity controls<!-- -->
                              </label>
                              <div
                                class="base-components__BaseElement-sc-1mosoyj-0 styled__Children-sc-16t2b2a-3 oznwo gdJvjO beans-form-group__children"
                              >
                                <div
                                  class="styled__StyledQuantityControlWrapper-vtxwzb-6 LCxOg"
                                >
                                  <label
                                    id="quantity-controls-289840231-label"
                                    class="styled__VisuallyHiddenLabel-vtxwzb-7 gXlLiM"
                                    >Quantity of Tesco Cooked Mussels
                                    400G</label
                                  >
                                  <div
                                    class="component__Wrapper-sc-1kpmik-3 dReplG input-wrapper"
                                  >
                                    <input
                                      type="number"
                                      class="base-components__RootElement-sc-1mosoyj-1 styled__StyledInput-sc-1jd5f57-0 component__StyledAsInput-sc-1kpmik-4 jptQqM eJLlow styled__StyledInput-vtxwzb-3 lwMHo beans-quantity-controls__input beans-input"
                                      data-auto="beans-quantity-controls-input"
                                      autocomplete="off"
                                      id="quantity-controls-289840231"
                                      maxlength="2"
                                      name="newValue"
                                      aria-labelledby="quantity-controls-289840231-label"
                                      value="1"
                                    />
                                  </div>
                                </div>
                                <button
                                  class="styled__BaseButton-rsekm1-0 styled__PrimaryButton-rsekm1-2 jChbeY geeWOF styled__StyledButton-vtxwzb-5 japAxb beans-quantity-controls__add-button beans-button__container"
                                  type="submit"
                                  data-auto="beans-quantity-controls-add-button"
                                  aria-label="Quantity of Tesco Cooked Mussels 400G"
                                >
                                  <span
                                    class="base-components__BaseElement-sc-1mosoyj-0 styled__InnerContainer-rsekm1-1 oznwo fuFres beans-button__inner-container"
                                    ><span
                                      class="base-components__BaseElement-sc-1mosoyj-0 styled__TextSpan-rsekm1-4 oznwo GDiMp beans-button__text"
                                      >Add</span
                                    ></span
                                  >
                                </button>
                              </div>
                            </div>
                          </div>
                        </div>
                      </div>
                      <input
                        type="hidden"
                        name="_csrf"
                        value="BeMqcJBE-zCJWuNH91oq73jFXs7WkHUAPSZM"
                      />
                    </form>
                  </div>
                </div>
              </div>
            </div>
            <div class="hidden-medium product-info-section-small">
              <div class="product-info-message-list"></div>
            </div>
          </div>
        </div>
      </div>
    </div>
  </li>
  <li class="product-list--list-item">
    <div class="styles__StyledVerticalTileWrapper-dvv1wj-0 dtCNPH">
      <div
        data-auto="product-tile"
        data-auto-type="Quantity"
        data-auto-available="true"
        data-auto-is-restricted-disabled="false"
        data-auto-is-substitute="false"
        class="styles__StyledVerticalTile-dvv1wj-1 gSCsYK"
      >
        <div class="styles__StyledTileContentWrapper-dvv1wj-2 bkNhNP beans">
          <div
            id="tile-264456880"
            data-auto-id="264456880"
            class="styles__StyledTiledContent-dvv1wj-3 bcglTg"
          >
            <a
              href="/groceries/en-GB/products/264456880"
              aria-hidden="true"
              class="product-image-wrapper"
              tabindex="1"
              ><div class="product-image__container">
                <picture
                  ><img
                    class="styled__Image-sjvkdn-0 bJErKA product-image beans-responsive-image__image"
                    src="https://digitalcontent.api.tesco.com/v2/media/ghs/c2dbd70b-1ce3-40a6-9700-5f6997bc0e98/a69a749f-7e2a-4cbb-9ebc-787f982fea6d_234563354.jpeg?h=225&amp;w=225"
                    srcset="
                      https://digitalcontent.api.tesco.com/v2/media/ghs/c2dbd70b-1ce3-40a6-9700-5f6997bc0e98/a69a749f-7e2a-4cbb-9ebc-787f982fea6d_234563354.jpeg?h=225&amp;w=225  768w,
                      https://digitalcontent.api.tesco.com/v2/media/ghs/c2dbd70b-1ce3-40a6-9700-5f6997bc0e98/a69a749f-7e2a-4cbb-9ebc-787f982fea6d_234563354.jpeg?h=225&amp;w=225 4000w
                    "
                    alt="Van Smirren Mussels In Vinegar 205G"
                /></picture></div
            ></a>
            <div class="product-details--wrapper">
              <h3 class="styles__H3-oa5soe-0 bCKNNq">
                <a
                  href="/groceries/en-GB/products/264456880"
                  class="styled__Anchor-sc-1xbujuz-0 csVOnh beans-link__anchor"
                  data-auto="product-tile--title"
                  ><span
                    class="styled__Text-sc-1xbujuz-1 ldbwMG beans-link__text"
                    >Van Smirren Mussels In Vinegar 205G</span
                  ></a
                >
              </h3>
              <div
                class="styles__StyledPromotionsAboveMobile-dvv1wj-7 iPTMuo"
              ></div>
              <div class="styles__StyledProductDetailsContent-dvv1wj-5 ddRSrq">
                <a
                  href="/groceries/en-GB/reviews/submission/264456880?from=%2Fsearch%3Fquery%3Dseafood"
                  aria-label="Write a review for Van Smirren Mussels In Vinegar 205G"
                  class="styled__Anchor-sc-1xbujuz-0 jSzuDt write-a-review-link beans-link__anchor"
                  data-auto="review-link"
                  ><span
                    class="styled__Text-sc-1xbujuz-1 fyDIEo beans-link__text"
                    >Write a review</span
                  ><span
                    class="styled__IconContainer-sc-1xbujuz-2 bSauSL beans-link__icon-container"
                    ><svg
                      aria-hidden="true"
                      class="styled__SVG-xxa4wh-1 hQMCqc beans-link__icon beans-icon__svg"
                      height="13.33"
                      preserveAspectRatio="xMinYMax meet"
                      viewBox="-1 0 12 20"
                      width="8"
                      xmlns="http://www.w3.org/2000/svg"
                      color="currentColor"
                    >
                      <path
                        d="M1.312 1.348L10.276 10l-8.964 8.644"
                        fill="none"
                        stroke="currentColor"
                      ></path></svg></span
                ></a>
                <div>
                  <a
                    href="/groceries/en-GB/shop/food-cupboard/tins-cans-and-packets/tinned-fish-and-seafood/tinned-seafood"
                    class="styled__Anchor-sc-1xbujuz-0 jSzuDt rest-of-shelf-link beans-link__anchor"
                    data-auto="rest-of-shelf-link"
                    ><span
                      class="styled__Text-sc-1xbujuz-1 fyDIEo beans-link__text"
                      >Rest of
                      <span class="visually-hidden">Tinned Seafood</span>
                      shelf</span
                    ><span
                      class="styled__IconContainer-sc-1xbujuz-2 bSauSL beans-link__icon-container"
                      ><svg
                        aria-hidden="true"
                        class="styled__SVG-xxa4wh-1 hQMCqc beans-link__icon beans-icon__svg"
                        height="13.33"
                        preserveAspectRatio="xMinYMax meet"
                        viewBox="-1 0 12 20"
                        width="8"
                        xmlns="http://www.w3.org/2000/svg"
                        color="currentColor"
                      >
                        <path
                          d="M1.312 1.348L10.276 10l-8.964 8.644"
                          fill="none"
                          stroke="currentColor"
                        ></path></svg></span
                  ></a>
                </div>
                <div class="product-info-message-section">
                  <div class="product-info-message-list">
                    <div class="styled__WhiteBackground-sc-9yzfq2-1 jthPIJ">
                      <svg
                        width="56"
                        height="56"
                        viewBox="0 0 56 56"
                        fill="none"
                        xmlns="http://www.w3.org/2000/svg"
                      >
                        <path
                          d="M47.3812 23.9997C47.3812 36.9128 36.913 47.3809 23.9999 47.3809C11.0869 47.3809 0.618652 36.9128 0.618652 23.9997C0.618652 11.0866 11.0869 0.618412 23.9999 0.618412C36.913 0.618412 47.3812 11.0866 47.3812 23.9997Z"
                          fill="white"
                        ></path>
                        <path
                          d="M47.2669 24.0006C47.2669 36.8253 36.8706 47.2217 24.046 47.2217C11.2214 47.2217 0.73291 36.9173 0.73291 24.0926C0.73291 11.2678 11.2214 0.77932 24.046 0.77932C36.8706 0.77932 47.2669 11.1758 47.2669 24.0006Z"
                          fill="white"
                        ></path>
                        <path
                          d="M40.5112 24.4162H39.8523C39.8519 28.7959 38.0789 32.7545 35.2089 35.6251C32.3383 38.4946 28.3799 40.2678 24.0004 40.268C19.6209 40.2678 15.662 38.4946 12.7914 35.6251C9.92179 32.7545 8.14879 28.7959 8.14848 24.4162C8.14879 20.0367 9.92179 16.0782 12.7914 13.2075C15.662 10.3379 19.6209 8.565 24.0004 8.56473C28.3799 8.565 32.3383 10.3379 35.2089 13.2075C38.0789 16.0782 39.8519 20.0367 39.8523 24.4162H40.5112H41.1701C41.1697 14.9333 33.4831 7.2471 24.0004 7.24669C14.5175 7.2471 6.83099 14.9333 6.83057 24.4162C6.83099 33.8993 14.5175 41.5855 24.0004 41.5859C33.4831 41.5855 41.1697 33.8993 41.1701 24.4162H40.5112Z"
                          fill="#040606"
                        ></path>
                        <path
                          d="M46.5795 24.0003H45.9377C45.9373 30.0604 43.483 35.5404 39.5122 39.5124C35.5401 43.4833 30.06 45.9373 24.0003 45.9377C17.9403 45.9373 12.4601 43.4833 8.48825 39.5124C4.51756 35.5404 2.06321 30.0604 2.06284 24.0003C2.06321 17.9406 4.51756 12.4603 8.48825 8.48857C12.4601 4.51752 17.9403 2.06367 24.0003 2.06327C30.06 2.06367 35.5401 4.51752 39.5122 8.48857C43.483 12.4603 45.9373 17.9406 45.9377 24.0003H46.5795H47.2216C47.221 11.1753 36.8253 0.779591 24.0003 0.77932C11.1753 0.779591 0.779601 11.1753 0.778809 24.0003C0.779601 36.8256 11.1753 47.2214 24.0003 47.2217C36.8253 47.2214 47.221 36.8256 47.2216 24.0003H46.5795Z"
                          fill="#EE2742"
                        ></path>
                        <path
                          d="M38.9616 9.03867C42.7926 12.8723 45.158 18.1525 45.1588 23.9999C45.158 29.8475 42.7926 35.1277 38.9615 38.9615C35.1276 42.7928 29.8473 45.1577 24.0001 45.1585C18.1525 45.1577 12.8723 42.7928 9.03866 38.9613C5.20759 35.1277 2.84225 29.8475 2.84141 23.9999C2.84225 18.1525 5.20759 12.8723 9.03882 9.03867C12.8723 5.20738 18.1525 2.84242 24.0003 2.84161C29.8473 2.84242 35.1275 5.20738 38.9616 9.03867ZM48.0003 23.2212H47.9863C47.574 10.3265 36.9948 0.000953421 24.0001 0.000141651C10.7448 0.00108872 0.00126839 10.7446 0 23.9999C0.00126839 37.2556 10.7448 47.999 24.0001 48C36.9948 47.9992 47.574 37.6736 47.9863 24.7785H48.0003V24.0019C48.0003 24.0012 48.0003 24.0005 48.0003 24V23.2212Z"
                          fill="#EE2742"
                        ></path>
                        <path
                          d="M43.7523 30.792H10.9861L10.5169 29.0828H4.30322V18.3235H43.7523V30.792Z"
                          fill="white"
                        ></path>
                        <path
                          d="M18.3762 17.2768H20.8701V18.2578H17.3135V12.5344H18.3762V17.2768Z"
                          fill="#040606"
                        ></path>
                        <path
                          d="M22.3756 17.0477C22.5852 17.277 22.8593 17.3912 23.1974 17.3912C23.5353 17.3912 23.8092 17.277 24.019 17.0477C24.2289 16.819 24.3337 16.5195 24.3337 16.1485C24.3337 15.7778 24.2289 15.478 24.019 15.2491C23.8092 15.0201 23.5353 14.9056 23.1974 14.9056C22.8593 14.9056 22.5852 15.0201 22.3756 15.2491C22.1658 15.478 22.0609 15.7778 22.0609 16.1485C22.0609 16.5195 22.1658 16.819 22.3756 17.0477ZM21.3004 15.0325C21.4802 14.7027 21.735 14.4438 22.065 14.2557C22.3947 14.0677 22.7721 13.9736 23.1974 13.9736C23.6225 13.9736 23.9999 14.0677 24.3297 14.2557C24.6594 14.4438 24.9141 14.7027 25.0943 15.0325C25.2742 15.3623 25.3639 15.7344 25.3639 16.1485C25.3639 16.5628 25.2742 16.9348 25.0943 17.2646C24.9141 17.5944 24.6594 17.8532 24.3297 18.0414C23.9999 18.2295 23.6225 18.3232 23.1974 18.3232C22.7721 18.3232 22.3947 18.2295 22.065 18.0414C21.735 17.8532 21.4802 17.5944 21.3004 17.2646C21.1205 16.9348 21.0308 16.5628 21.0308 16.1485C21.0308 15.7344 21.1205 15.3623 21.3004 15.0325Z"
                          fill="#040606"
                        ></path>
                        <path
                          d="M30.1263 18.2578H29.145L28.4339 15.4943L27.7225 18.2578H26.7411L25.4248 14.039H26.4141L27.2153 16.8024L27.9431 14.039H28.9245L29.6522 16.8024L30.4533 14.039H31.4426L30.1263 18.2578Z"
                          fill="#040606"
                        ></path>
                        <path
                          d="M18.0825 33.0868C18.2357 32.9529 18.3121 32.7552 18.3121 32.4933C18.3121 32.2312 18.2357 32.0335 18.0825 31.8996C17.9301 31.7658 17.7224 31.6994 17.4605 31.6994H16.5027V33.287H17.4605C17.7224 33.287 17.9301 33.2206 18.0825 33.0868ZM16.5027 36.4473H15.4385V30.7164H17.5426C17.9244 30.7164 18.2548 30.7944 18.5331 30.95C18.8114 31.1058 19.0243 31.3182 19.1715 31.5886C19.319 31.8587 19.3923 32.1602 19.3923 32.4933C19.3923 32.826 19.319 33.1278 19.1715 33.3979C19.0243 33.6678 18.8114 33.8807 18.5331 34.0362C18.2548 34.1918 17.9244 34.2697 17.5426 34.2697H16.5027V36.4473Z"
                          fill="#040606"
                        ></path>
                        <path
                          d="M19.8657 32.2232H20.881V32.8617C21.0007 32.6323 21.17 32.4578 21.3886 32.3378C21.6068 32.2175 21.8498 32.1576 22.117 32.1576C22.3953 32.1576 22.6137 32.2201 22.7721 32.3457L22.4281 33.2055C22.2859 33.1289 22.1361 33.0906 21.9779 33.0906C21.6611 33.0906 21.3992 33.2275 21.192 33.5C20.9847 33.773 20.881 34.1931 20.881 34.7609V36.4473H19.8657V32.2232Z"
                          fill="#040606"
                        ></path>
                        <path
                          d="M24.176 36.4473H23.1607V32.2232H24.176V36.4473ZM23.2019 30.7412C23.3273 30.6156 23.4829 30.5529 23.6684 30.5529C23.8536 30.5529 24.0094 30.6156 24.135 30.7412C24.2604 30.8669 24.3232 31.0222 24.3232 31.2077C24.3232 31.3936 24.2604 31.5488 24.135 31.6746C24.0094 31.8 23.8536 31.8628 23.6684 31.8628C23.4829 31.8628 23.3273 31.8 23.2019 31.6746C23.0764 31.5488 23.0137 31.3936 23.0137 31.2077C23.0137 31.0222 23.0764 30.8669 23.2019 30.7412Z"
                          fill="#040606"
                        ></path>
                        <path
                          d="M25.8191 36.2343C25.4966 36.0492 25.2462 35.7915 25.0659 35.4611C24.8857 35.1309 24.7959 34.7557 24.7959 34.3352C24.7959 33.9151 24.8857 33.5396 25.0659 33.2096C25.2462 32.8794 25.4966 32.6214 25.8191 32.4359C26.1407 32.2504 26.5095 32.1577 26.9241 32.1577C27.8628 32.1577 28.4985 32.5424 28.8316 33.3121L27.9066 33.7294C27.6939 33.3035 27.3662 33.0907 26.9241 33.0907C26.6076 33.0907 26.3457 33.2056 26.138 33.4348C25.9309 33.6635 25.8271 33.964 25.8271 34.3352C25.8271 34.7065 25.9309 35.0066 26.138 35.2355C26.3457 35.4651 26.6076 35.5796 26.9241 35.5796C27.3662 35.5796 27.6939 35.3667 27.9066 34.9413L28.8316 35.3588C28.4985 36.1282 27.8628 36.5127 26.9241 36.5127C26.5095 36.5127 26.1407 36.4202 25.8191 36.2343Z"
                          fill="#040606"
                        ></path>
                        <path
                          d="M32.1759 33.8603C32.1377 33.6203 32.0274 33.4238 31.8445 33.2713C31.6617 33.118 31.4312 33.0416 31.1528 33.0416C30.9178 33.0416 30.7076 33.1142 30.5225 33.2587C30.3369 33.4032 30.2084 33.604 30.1373 33.8603H32.1759ZM33.216 34.6624H30.0966C30.151 34.9734 30.2791 35.21 30.4814 35.371C30.6832 35.5321 30.9289 35.6123 31.2182 35.6123C31.4582 35.6123 31.6586 35.5621 31.8197 35.4611C31.981 35.3597 32.1351 35.2059 32.2824 34.9982L33.1422 35.4651C32.9345 35.8037 32.6714 36.0625 32.3517 36.2427C32.0327 36.4226 31.6357 36.5127 31.1608 36.5127C30.7133 36.5127 30.3297 36.4082 30.0106 36.1979C29.6913 35.9875 29.4525 35.7161 29.2943 35.383C29.1359 35.0503 29.0571 34.7009 29.0571 34.3352C29.0571 33.9697 29.1399 33.6203 29.3065 33.2872C29.473 32.9545 29.7145 32.6831 30.0313 32.4728C30.3476 32.2626 30.7217 32.1577 31.1528 32.1577C31.5889 32.1577 31.9631 32.2557 32.2742 32.4523C32.5852 32.6488 32.8197 32.9067 32.9782 33.226C33.1365 33.545 33.216 33.8849 33.216 34.2453V34.6624Z"
                          fill="#040606"
                        ></path>
                        <path
                          d="M9.13617 21.298H6.03734V22.8016H8.52242V24.0285H6.03734V26.0024H9.23843V27.2295H4.70801V20.0709H9.13617V21.298Z"
                          fill="#040606"
                        ></path>
                        <path
                          d="M9.25439 21.9527H10.5327L11.7802 25.4808L13.0281 21.9527H14.3065L12.3532 27.2295H11.2076L9.25439 21.9527Z"
                          fill="#040606"
                        ></path>
                        <path
                          d="M18.1491 23.9973C18.1012 23.6974 17.963 23.4521 17.7347 23.261C17.5062 23.0701 17.2182 22.9747 16.8707 22.9747C16.5772 22.9747 16.3147 23.065 16.0828 23.2456C15.8514 23.4262 15.6909 23.6768 15.6023 23.9973H18.1491ZM19.4475 24.9994H15.5513C15.6193 25.3881 15.7795 25.6829 16.032 25.884C16.284 26.0852 16.5909 26.186 16.9524 26.186C17.2521 26.186 17.5026 26.1228 17.7037 25.9966C17.9049 25.8703 18.0977 25.6779 18.2817 25.4187L19.3555 26.0018C19.0961 26.4242 18.7676 26.7483 18.3688 26.9734C17.9699 27.1981 17.4737 27.3105 16.8807 27.3105C16.3216 27.3105 15.8426 27.1794 15.4437 26.9167C15.0453 26.6544 14.7468 26.3152 14.5491 25.8993C14.3513 25.4837 14.2524 25.0473 14.2524 24.5906C14.2524 24.1337 14.3562 23.6974 14.5643 23.2816C14.7722 22.8656 15.0741 22.5264 15.4696 22.264C15.865 22.0016 16.3319 21.8703 16.8707 21.8703C17.4159 21.8703 17.8828 21.993 18.2715 22.2385C18.6601 22.4839 18.9531 22.8059 19.1509 23.2047C19.3486 23.6036 19.4475 24.028 19.4475 24.478V24.9994Z"
                          fill="#040606"
                        ></path>
                        <path
                          d="M20.1338 21.9527H21.4018V22.7501C21.5515 22.4639 21.7634 22.2458 22.036 22.0959C22.3087 21.9458 22.612 21.8709 22.9463 21.8709C23.2937 21.8709 23.5665 21.9492 23.7642 22.1059L23.3349 23.1797C23.1574 23.0845 22.9698 23.0366 22.772 23.0366C22.3767 23.0366 22.0497 23.207 21.7903 23.5478C21.5315 23.8889 21.4018 24.4139 21.4018 25.1227V27.2295H20.1338V21.9527Z"
                          fill="#040606"
                        ></path>
                        <path
                          d="M25.7172 26.9022L23.8047 21.9528H25.0831L26.3206 25.3068L27.4865 21.9528H28.7545L26.0545 29.3154H24.8275L25.7172 26.9022Z"
                          fill="#040606"
                        ></path>
                        <path
                          d="M32.1759 25.7254C32.4245 25.446 32.5493 25.0676 32.5493 24.5906C32.5493 24.1133 32.4245 23.735 32.1759 23.4553C31.9268 23.1759 31.6152 23.036 31.2402 23.036C30.865 23.036 30.5531 23.1759 30.3045 23.4553C30.0554 23.735 29.9311 24.1133 29.9311 24.5906C29.9311 25.0676 30.0554 25.446 30.3045 25.7254C30.5531 26.0054 30.865 26.1448 31.2402 26.1448C31.6152 26.1448 31.9268 26.0054 32.1759 25.7254ZM29.7573 26.9631C29.403 26.7312 29.125 26.4072 28.9239 25.9916C28.7227 25.5757 28.6221 25.1086 28.6221 24.5906C28.6221 24.0656 28.7192 23.5968 28.9136 23.1845C29.1081 22.7719 29.3789 22.4498 29.727 22.2179C30.0745 21.9864 30.4733 21.8703 30.9232 21.8703C31.2775 21.8703 31.5877 21.9335 31.8535 22.0596C32.1196 22.1857 32.3243 22.3646 32.4673 22.5963V19.9886H33.7353V27.229H32.4673V26.5947C32.317 26.8062 32.1128 26.9783 31.8535 27.1111C31.5945 27.2441 31.2878 27.3105 30.9335 27.3105C30.5042 27.3105 30.1117 27.1947 29.7573 26.9631Z"
                          fill="#040606"
                        ></path>
                        <path
                          d="M37.3676 25.9197C37.603 25.7151 37.7204 25.4631 37.7204 25.1631V25.02H36.7184C36.4252 25.02 36.1916 25.0763 36.0177 25.1887C35.844 25.3011 35.7569 25.4562 35.7569 25.654C35.7569 25.838 35.8201 25.9794 35.9462 26.0784C36.0721 26.1772 36.258 26.2267 36.5037 26.2267C36.8444 26.2267 37.1326 26.1244 37.3676 25.9197ZM35.3272 27.1267C35.0547 27.0038 34.8363 26.8247 34.6729 26.5897C34.5093 26.3544 34.4277 26.073 34.4277 25.746C34.4277 25.2278 34.6219 24.8106 35.0105 24.4933C35.3992 24.1764 35.9241 24.0177 36.5854 24.0177H37.7204V23.8336C37.7204 23.5679 37.6284 23.3549 37.4444 23.1945C37.2603 23.0344 37.0113 22.9542 36.698 22.9542C36.4455 22.9542 36.2173 23.0207 36.0129 23.1536C35.8083 23.2866 35.6546 23.4419 35.5523 23.619L34.5809 23.036C34.7649 22.7021 35.0375 22.4244 35.3992 22.2028C35.7603 21.981 36.1931 21.8703 36.698 21.8703C37.4205 21.8703 37.9827 22.0439 38.385 22.3916C38.7873 22.7395 38.9885 23.2405 38.9885 23.8952V27.229H37.9455L37.7718 26.554C37.6009 26.7859 37.3846 26.97 37.1223 27.1061C36.8595 27.2425 36.5512 27.3105 36.1969 27.3105C35.8899 27.3105 35.6003 27.2494 35.3272 27.1267Z"
                          fill="#040606"
                        ></path>
                        <path
                          d="M40.9395 26.9022L39.0273 21.9528H40.3056L41.5429 25.3068L42.7087 21.9528H43.9767L41.2772 29.3154H40.0498L40.9395 26.9022Z"
                          fill="#040606"
                        ></path>
                      </svg>
                      <p
                        class="styled__StyledBodyText-sc-119w3hf-5 ggtTyf styled__DarkGreyBodyText-sc-9yzfq2-2 lmkdDf"
                      >
                        Low Everyday Price
                      </p>
                    </div>
                  </div>
                </div>
              </div>
              <div class="styles__StyledBuyBoxWrapper-dvv1wj-4 dSvjUC">
                <div
                  class="styles__StyledBuyBoxContainer-sc-1wx0qp6-0 erryje"
                  data-auto="buybox-container"
                >
                  <div class="styles__SafeFormWrapper-jtpu2t-0 lcrYKS">
                    <form
                      action="/groceries/en-GB/trolley/items/264456880?_method=PUT"
                      method="POST"
                    >
                      <input type="submit" class="hidden" /><input
                        type="hidden"
                        name="id"
                        value="264456880"
                      /><input
                        type="hidden"
                        name="identifier"
                        value="Page"
                      /><input
                        type="hidden"
                        name="anchorId"
                        value="#tile-264456880"
                      /><input
                        type="hidden"
                        name="returnUrl"
                        value="/groceries/en-GB/search?query=seafood&amp;redirectIfUnavailable=true#tile-264456880"
                      /><input type="hidden" name="backToUrl" value="#" /><input
                        type="hidden"
                        name="oldValue"
                        value="0"
                      /><input
                        type="hidden"
                        name="oldUnitChoice"
                        value="pcs"
                      /><input type="hidden" name="newUnitChoice" value="pcs" />
                      <div
                        class="base-components__RootElement-sc-1mosoyj-1 styled__Container-sc-6nhkzi-0 jptQqM hSNpTb beans-buybox__container"
                      >
                        <div
                          class="base-components__BaseElement-sc-1mosoyj-0 styled__PriceAndActions-sc-6nhkzi-3 oznwo eEPLov beans-buybox__price-and-actions"
                        >
                          <div
                            class="base-components__RootElement-sc-1mosoyj-1 styled__Container-sc-8qlq5b-0 jptQqM bgZrjw styled__StyledPrice-sc-6nhkzi-5 iYHeik beans-buybox__price beans-price__container"
                          >
                            <p
                              class="styled__StyledHeading-sc-119w3hf-2 jWPEtj styled__Text-sc-8qlq5b-1 lnaeiZ beans-price__text"
                            >
                              £2.00
                            </p>
                            <p
                              class="styled__StyledFootnote-sc-119w3hf-7 icrlVF styled__Subtext-sc-8qlq5b-2 bNJmdc beans-price__subtext"
                            >
                              £2.23/100g DR.WT
                            </p>
                          </div>
                          <div
                            class="base-components__RootElement-sc-1mosoyj-1 styled__Container-vtxwzb-0 jptQqM bDFhXJ beans-buybox__actions beans-quantity-controls__container"
                          >
                            <div
                              class="base-components__RootElement-sc-1mosoyj-1 styled__Container-sc-16t2b2a-0 jptQqM PUfgZ styled__StyledFormGroup-vtxwzb-1 kzKuAr beans-quantity-controls__form-group beans-form-group__container"
                            >
                              <label
                                class="styled__StyledLabel-sc-1ttuvhr-0 izGEjV beans-form-group__label beans-label"
                                for="quantity-controls-264456880"
                                >Quantity controls<!-- -->
                              </label>
                              <div
                                class="base-components__BaseElement-sc-1mosoyj-0 styled__Children-sc-16t2b2a-3 oznwo gdJvjO beans-form-group__children"
                              >
                                <div
                                  class="styled__StyledQuantityControlWrapper-vtxwzb-6 LCxOg"
                                >
                                  <label
                                    id="quantity-controls-264456880-label"
                                    class="styled__VisuallyHiddenLabel-vtxwzb-7 gXlLiM"
                                    >Quantity of Van Smirren Mussels In Vinegar
                                    205G</label
                                  >
                                  <div
                                    class="component__Wrapper-sc-1kpmik-3 dReplG input-wrapper"
                                  >
                                    <input
                                      type="number"
                                      class="base-components__RootElement-sc-1mosoyj-1 styled__StyledInput-sc-1jd5f57-0 component__StyledAsInput-sc-1kpmik-4 jptQqM eJLlow styled__StyledInput-vtxwzb-3 lwMHo beans-quantity-controls__input beans-input"
                                      data-auto="beans-quantity-controls-input"
                                      autocomplete="off"
                                      id="quantity-controls-264456880"
                                      maxlength="2"
                                      name="newValue"
                                      aria-labelledby="quantity-controls-264456880-label"
                                      value="1"
                                    />
                                  </div>
                                </div>
                                <button
                                  class="styled__BaseButton-rsekm1-0 styled__PrimaryButton-rsekm1-2 jChbeY geeWOF styled__StyledButton-vtxwzb-5 japAxb beans-quantity-controls__add-button beans-button__container"
                                  type="submit"
                                  data-auto="beans-quantity-controls-add-button"
                                  aria-label="Quantity of Van Smirren Mussels In Vinegar 205G"
                                >
                                  <span
                                    class="base-components__BaseElement-sc-1mosoyj-0 styled__InnerContainer-rsekm1-1 oznwo fuFres beans-button__inner-container"
                                    ><span
                                      class="base-components__BaseElement-sc-1mosoyj-0 styled__TextSpan-rsekm1-4 oznwo GDiMp beans-button__text"
                                      >Add</span
                                    ></span
                                  >
                                </button>
                              </div>
                            </div>
                          </div>
                        </div>
                      </div>
                      <input
                        type="hidden"
                        name="_csrf"
                        value="BeMqcJBE-zCJWuNH91oq73jFXs7WkHUAPSZM"
                      />
                    </form>
                  </div>
                </div>
              </div>
            </div>
            <div class="hidden-medium product-info-section-small">
              <div class="product-info-message-list">
                <div class="styled__WhiteBackground-sc-9yzfq2-1 jthPIJ">
                  <svg
                    width="56"
                    height="56"
                    viewBox="0 0 56 56"
                    fill="none"
                    xmlns="http://www.w3.org/2000/svg"
                  >
                    <path
                      d="M47.3812 23.9997C47.3812 36.9128 36.913 47.3809 23.9999 47.3809C11.0869 47.3809 0.618652 36.9128 0.618652 23.9997C0.618652 11.0866 11.0869 0.618412 23.9999 0.618412C36.913 0.618412 47.3812 11.0866 47.3812 23.9997Z"
                      fill="white"
                    ></path>
                    <path
                      d="M47.2669 24.0006C47.2669 36.8253 36.8706 47.2217 24.046 47.2217C11.2214 47.2217 0.73291 36.9173 0.73291 24.0926C0.73291 11.2678 11.2214 0.77932 24.046 0.77932C36.8706 0.77932 47.2669 11.1758 47.2669 24.0006Z"
                      fill="white"
                    ></path>
                    <path
                      d="M40.5112 24.4162H39.8523C39.8519 28.7959 38.0789 32.7545 35.2089 35.6251C32.3383 38.4946 28.3799 40.2678 24.0004 40.268C19.6209 40.2678 15.662 38.4946 12.7914 35.6251C9.92179 32.7545 8.14879 28.7959 8.14848 24.4162C8.14879 20.0367 9.92179 16.0782 12.7914 13.2075C15.662 10.3379 19.6209 8.565 24.0004 8.56473C28.3799 8.565 32.3383 10.3379 35.2089 13.2075C38.0789 16.0782 39.8519 20.0367 39.8523 24.4162H40.5112H41.1701C41.1697 14.9333 33.4831 7.2471 24.0004 7.24669C14.5175 7.2471 6.83099 14.9333 6.83057 24.4162C6.83099 33.8993 14.5175 41.5855 24.0004 41.5859C33.4831 41.5855 41.1697 33.8993 41.1701 24.4162H40.5112Z"
                      fill="#040606"
                    ></path>
                    <path
                      d="M46.5795 24.0003H45.9377C45.9373 30.0604 43.483 35.5404 39.5122 39.5124C35.5401 43.4833 30.06 45.9373 24.0003 45.9377C17.9403 45.9373 12.4601 43.4833 8.48825 39.5124C4.51756 35.5404 2.06321 30.0604 2.06284 24.0003C2.06321 17.9406 4.51756 12.4603 8.48825 8.48857C12.4601 4.51752 17.9403 2.06367 24.0003 2.06327C30.06 2.06367 35.5401 4.51752 39.5122 8.48857C43.483 12.4603 45.9373 17.9406 45.9377 24.0003H46.5795H47.2216C47.221 11.1753 36.8253 0.779591 24.0003 0.77932C11.1753 0.779591 0.779601 11.1753 0.778809 24.0003C0.779601 36.8256 11.1753 47.2214 24.0003 47.2217C36.8253 47.2214 47.221 36.8256 47.2216 24.0003H46.5795Z"
                      fill="#EE2742"
                    ></path>
                    <path
                      d="M38.9616 9.03867C42.7926 12.8723 45.158 18.1525 45.1588 23.9999C45.158 29.8475 42.7926 35.1277 38.9615 38.9615C35.1276 42.7928 29.8473 45.1577 24.0001 45.1585C18.1525 45.1577 12.8723 42.7928 9.03866 38.9613C5.20759 35.1277 2.84225 29.8475 2.84141 23.9999C2.84225 18.1525 5.20759 12.8723 9.03882 9.03867C12.8723 5.20738 18.1525 2.84242 24.0003 2.84161C29.8473 2.84242 35.1275 5.20738 38.9616 9.03867ZM48.0003 23.2212H47.9863C47.574 10.3265 36.9948 0.000953421 24.0001 0.000141651C10.7448 0.00108872 0.00126839 10.7446 0 23.9999C0.00126839 37.2556 10.7448 47.999 24.0001 48C36.9948 47.9992 47.574 37.6736 47.9863 24.7785H48.0003V24.0019C48.0003 24.0012 48.0003 24.0005 48.0003 24V23.2212Z"
                      fill="#EE2742"
                    ></path>
                    <path
                      d="M43.7523 30.792H10.9861L10.5169 29.0828H4.30322V18.3235H43.7523V30.792Z"
                      fill="white"
                    ></path>
                    <path
                      d="M18.3762 17.2768H20.8701V18.2578H17.3135V12.5344H18.3762V17.2768Z"
                      fill="#040606"
                    ></path>
                    <path
                      d="M22.3756 17.0477C22.5852 17.277 22.8593 17.3912 23.1974 17.3912C23.5353 17.3912 23.8092 17.277 24.019 17.0477C24.2289 16.819 24.3337 16.5195 24.3337 16.1485C24.3337 15.7778 24.2289 15.478 24.019 15.2491C23.8092 15.0201 23.5353 14.9056 23.1974 14.9056C22.8593 14.9056 22.5852 15.0201 22.3756 15.2491C22.1658 15.478 22.0609 15.7778 22.0609 16.1485C22.0609 16.5195 22.1658 16.819 22.3756 17.0477ZM21.3004 15.0325C21.4802 14.7027 21.735 14.4438 22.065 14.2557C22.3947 14.0677 22.7721 13.9736 23.1974 13.9736C23.6225 13.9736 23.9999 14.0677 24.3297 14.2557C24.6594 14.4438 24.9141 14.7027 25.0943 15.0325C25.2742 15.3623 25.3639 15.7344 25.3639 16.1485C25.3639 16.5628 25.2742 16.9348 25.0943 17.2646C24.9141 17.5944 24.6594 17.8532 24.3297 18.0414C23.9999 18.2295 23.6225 18.3232 23.1974 18.3232C22.7721 18.3232 22.3947 18.2295 22.065 18.0414C21.735 17.8532 21.4802 17.5944 21.3004 17.2646C21.1205 16.9348 21.0308 16.5628 21.0308 16.1485C21.0308 15.7344 21.1205 15.3623 21.3004 15.0325Z"
                      fill="#040606"
                    ></path>
                    <path
                      d="M30.1263 18.2578H29.145L28.4339 15.4943L27.7225 18.2578H26.7411L25.4248 14.039H26.4141L27.2153 16.8024L27.9431 14.039H28.9245L29.6522 16.8024L30.4533 14.039H31.4426L30.1263 18.2578Z"
                      fill="#040606"
                    ></path>
                    <path
                      d="M18.0825 33.0868C18.2357 32.9529 18.3121 32.7552 18.3121 32.4933C18.3121 32.2312 18.2357 32.0335 18.0825 31.8996C17.9301 31.7658 17.7224 31.6994 17.4605 31.6994H16.5027V33.287H17.4605C17.7224 33.287 17.9301 33.2206 18.0825 33.0868ZM16.5027 36.4473H15.4385V30.7164H17.5426C17.9244 30.7164 18.2548 30.7944 18.5331 30.95C18.8114 31.1058 19.0243 31.3182 19.1715 31.5886C19.319 31.8587 19.3923 32.1602 19.3923 32.4933C19.3923 32.826 19.319 33.1278 19.1715 33.3979C19.0243 33.6678 18.8114 33.8807 18.5331 34.0362C18.2548 34.1918 17.9244 34.2697 17.5426 34.2697H16.5027V36.4473Z"
                      fill="#040606"
                    ></path>
                    <path
                      d="M19.8657 32.2232H20.881V32.8617C21.0007 32.6323 21.17 32.4578 21.3886 32.3378C21.6068 32.2175 21.8498 32.1576 22.117 32.1576C22.3953 32.1576 22.6137 32.2201 22.7721 32.3457L22.4281 33.2055C22.2859 33.1289 22.1361 33.0906 21.9779 33.0906C21.6611 33.0906 21.3992 33.2275 21.192 33.5C20.9847 33.773 20.881 34.1931 20.881 34.7609V36.4473H19.8657V32.2232Z"
                      fill="#040606"
                    ></path>
                    <path
                      d="M24.176 36.4473H23.1607V32.2232H24.176V36.4473ZM23.2019 30.7412C23.3273 30.6156 23.4829 30.5529 23.6684 30.5529C23.8536 30.5529 24.0094 30.6156 24.135 30.7412C24.2604 30.8669 24.3232 31.0222 24.3232 31.2077C24.3232 31.3936 24.2604 31.5488 24.135 31.6746C24.0094 31.8 23.8536 31.8628 23.6684 31.8628C23.4829 31.8628 23.3273 31.8 23.2019 31.6746C23.0764 31.5488 23.0137 31.3936 23.0137 31.2077C23.0137 31.0222 23.0764 30.8669 23.2019 30.7412Z"
                      fill="#040606"
                    ></path>
                    <path
                      d="M25.8191 36.2343C25.4966 36.0492 25.2462 35.7915 25.0659 35.4611C24.8857 35.1309 24.7959 34.7557 24.7959 34.3352C24.7959 33.9151 24.8857 33.5396 25.0659 33.2096C25.2462 32.8794 25.4966 32.6214 25.8191 32.4359C26.1407 32.2504 26.5095 32.1577 26.9241 32.1577C27.8628 32.1577 28.4985 32.5424 28.8316 33.3121L27.9066 33.7294C27.6939 33.3035 27.3662 33.0907 26.9241 33.0907C26.6076 33.0907 26.3457 33.2056 26.138 33.4348C25.9309 33.6635 25.8271 33.964 25.8271 34.3352C25.8271 34.7065 25.9309 35.0066 26.138 35.2355C26.3457 35.4651 26.6076 35.5796 26.9241 35.5796C27.3662 35.5796 27.6939 35.3667 27.9066 34.9413L28.8316 35.3588C28.4985 36.1282 27.8628 36.5127 26.9241 36.5127C26.5095 36.5127 26.1407 36.4202 25.8191 36.2343Z"
                      fill="#040606"
                    ></path>
                    <path
                      d="M32.1759 33.8603C32.1377 33.6203 32.0274 33.4238 31.8445 33.2713C31.6617 33.118 31.4312 33.0416 31.1528 33.0416C30.9178 33.0416 30.7076 33.1142 30.5225 33.2587C30.3369 33.4032 30.2084 33.604 30.1373 33.8603H32.1759ZM33.216 34.6624H30.0966C30.151 34.9734 30.2791 35.21 30.4814 35.371C30.6832 35.5321 30.9289 35.6123 31.2182 35.6123C31.4582 35.6123 31.6586 35.5621 31.8197 35.4611C31.981 35.3597 32.1351 35.2059 32.2824 34.9982L33.1422 35.4651C32.9345 35.8037 32.6714 36.0625 32.3517 36.2427C32.0327 36.4226 31.6357 36.5127 31.1608 36.5127C30.7133 36.5127 30.3297 36.4082 30.0106 36.1979C29.6913 35.9875 29.4525 35.7161 29.2943 35.383C29.1359 35.0503 29.0571 34.7009 29.0571 34.3352C29.0571 33.9697 29.1399 33.6203 29.3065 33.2872C29.473 32.9545 29.7145 32.6831 30.0313 32.4728C30.3476 32.2626 30.7217 32.1577 31.1528 32.1577C31.5889 32.1577 31.9631 32.2557 32.2742 32.4523C32.5852 32.6488 32.8197 32.9067 32.9782 33.226C33.1365 33.545 33.216 33.8849 33.216 34.2453V34.6624Z"
                      fill="#040606"
                    ></path>
                    <path
                      d="M9.13617 21.298H6.03734V22.8016H8.52242V24.0285H6.03734V26.0024H9.23843V27.2295H4.70801V20.0709H9.13617V21.298Z"
                      fill="#040606"
                    ></path>
                    <path
                      d="M9.25439 21.9527H10.5327L11.7802 25.4808L13.0281 21.9527H14.3065L12.3532 27.2295H11.2076L9.25439 21.9527Z"
                      fill="#040606"
                    ></path>
                    <path
                      d="M18.1491 23.9973C18.1012 23.6974 17.963 23.4521 17.7347 23.261C17.5062 23.0701 17.2182 22.9747 16.8707 22.9747C16.5772 22.9747 16.3147 23.065 16.0828 23.2456C15.8514 23.4262 15.6909 23.6768 15.6023 23.9973H18.1491ZM19.4475 24.9994H15.5513C15.6193 25.3881 15.7795 25.6829 16.032 25.884C16.284 26.0852 16.5909 26.186 16.9524 26.186C17.2521 26.186 17.5026 26.1228 17.7037 25.9966C17.9049 25.8703 18.0977 25.6779 18.2817 25.4187L19.3555 26.0018C19.0961 26.4242 18.7676 26.7483 18.3688 26.9734C17.9699 27.1981 17.4737 27.3105 16.8807 27.3105C16.3216 27.3105 15.8426 27.1794 15.4437 26.9167C15.0453 26.6544 14.7468 26.3152 14.5491 25.8993C14.3513 25.4837 14.2524 25.0473 14.2524 24.5906C14.2524 24.1337 14.3562 23.6974 14.5643 23.2816C14.7722 22.8656 15.0741 22.5264 15.4696 22.264C15.865 22.0016 16.3319 21.8703 16.8707 21.8703C17.4159 21.8703 17.8828 21.993 18.2715 22.2385C18.6601 22.4839 18.9531 22.8059 19.1509 23.2047C19.3486 23.6036 19.4475 24.028 19.4475 24.478V24.9994Z"
                      fill="#040606"
                    ></path>
                    <path
                      d="M20.1338 21.9527H21.4018V22.7501C21.5515 22.4639 21.7634 22.2458 22.036 22.0959C22.3087 21.9458 22.612 21.8709 22.9463 21.8709C23.2937 21.8709 23.5665 21.9492 23.7642 22.1059L23.3349 23.1797C23.1574 23.0845 22.9698 23.0366 22.772 23.0366C22.3767 23.0366 22.0497 23.207 21.7903 23.5478C21.5315 23.8889 21.4018 24.4139 21.4018 25.1227V27.2295H20.1338V21.9527Z"
                      fill="#040606"
                    ></path>
                    <path
                      d="M25.7172 26.9022L23.8047 21.9528H25.0831L26.3206 25.3068L27.4865 21.9528H28.7545L26.0545 29.3154H24.8275L25.7172 26.9022Z"
                      fill="#040606"
                    ></path>
                    <path
                      d="M32.1759 25.7254C32.4245 25.446 32.5493 25.0676 32.5493 24.5906C32.5493 24.1133 32.4245 23.735 32.1759 23.4553C31.9268 23.1759 31.6152 23.036 31.2402 23.036C30.865 23.036 30.5531 23.1759 30.3045 23.4553C30.0554 23.735 29.9311 24.1133 29.9311 24.5906C29.9311 25.0676 30.0554 25.446 30.3045 25.7254C30.5531 26.0054 30.865 26.1448 31.2402 26.1448C31.6152 26.1448 31.9268 26.0054 32.1759 25.7254ZM29.7573 26.9631C29.403 26.7312 29.125 26.4072 28.9239 25.9916C28.7227 25.5757 28.6221 25.1086 28.6221 24.5906C28.6221 24.0656 28.7192 23.5968 28.9136 23.1845C29.1081 22.7719 29.3789 22.4498 29.727 22.2179C30.0745 21.9864 30.4733 21.8703 30.9232 21.8703C31.2775 21.8703 31.5877 21.9335 31.8535 22.0596C32.1196 22.1857 32.3243 22.3646 32.4673 22.5963V19.9886H33.7353V27.229H32.4673V26.5947C32.317 26.8062 32.1128 26.9783 31.8535 27.1111C31.5945 27.2441 31.2878 27.3105 30.9335 27.3105C30.5042 27.3105 30.1117 27.1947 29.7573 26.9631Z"
                      fill="#040606"
                    ></path>
                    <path
                      d="M37.3676 25.9197C37.603 25.7151 37.7204 25.4631 37.7204 25.1631V25.02H36.7184C36.4252 25.02 36.1916 25.0763 36.0177 25.1887C35.844 25.3011 35.7569 25.4562 35.7569 25.654C35.7569 25.838 35.8201 25.9794 35.9462 26.0784C36.0721 26.1772 36.258 26.2267 36.5037 26.2267C36.8444 26.2267 37.1326 26.1244 37.3676 25.9197ZM35.3272 27.1267C35.0547 27.0038 34.8363 26.8247 34.6729 26.5897C34.5093 26.3544 34.4277 26.073 34.4277 25.746C34.4277 25.2278 34.6219 24.8106 35.0105 24.4933C35.3992 24.1764 35.9241 24.0177 36.5854 24.0177H37.7204V23.8336C37.7204 23.5679 37.6284 23.3549 37.4444 23.1945C37.2603 23.0344 37.0113 22.9542 36.698 22.9542C36.4455 22.9542 36.2173 23.0207 36.0129 23.1536C35.8083 23.2866 35.6546 23.4419 35.5523 23.619L34.5809 23.036C34.7649 22.7021 35.0375 22.4244 35.3992 22.2028C35.7603 21.981 36.1931 21.8703 36.698 21.8703C37.4205 21.8703 37.9827 22.0439 38.385 22.3916C38.7873 22.7395 38.9885 23.2405 38.9885 23.8952V27.229H37.9455L37.7718 26.554C37.6009 26.7859 37.3846 26.97 37.1223 27.1061C36.8595 27.2425 36.5512 27.3105 36.1969 27.3105C35.8899 27.3105 35.6003 27.2494 35.3272 27.1267Z"
                      fill="#040606"
                    ></path>
                    <path
                      d="M40.9395 26.9022L39.0273 21.9528H40.3056L41.5429 25.3068L42.7087 21.9528H43.9767L41.2772 29.3154H40.0498L40.9395 26.9022Z"
                      fill="#040606"
                    ></path>
                  </svg>
                  <p
                    class="styled__StyledBodyText-sc-119w3hf-5 ggtTyf styled__DarkGreyBodyText-sc-9yzfq2-2 lmkdDf"
                  >
                    Low Everyday Price
                  </p>
                </div>
              </div>
            </div>
          </div>
        </div>
      </div>
    </div>
  </li>
  <li class="product-list--list-item">
    <div class="styles__StyledVerticalTileWrapper-dvv1wj-0 dtCNPH">
      <div
        data-auto="product-tile"
        data-auto-type="Quantity"
        data-auto-available="true"
        data-auto-is-restricted-disabled="false"
        data-auto-is-substitute="false"
        class="styles__StyledVerticalTile-dvv1wj-1 gSCsYK"
      >
        <div class="styles__StyledTileContentWrapper-dvv1wj-2 bkNhNP beans">
          <div
            id="tile-310115460"
            data-auto-id="310115460"
            class="styles__StyledTiledContent-dvv1wj-3 bcglTg"
          >
            <a
              href="/groceries/en-GB/products/310115460"
              aria-hidden="true"
              class="product-image-wrapper"
              tabindex="1"
              ><div class="product-image__container">
                <picture
                  ><img
                    class="styled__Image-sjvkdn-0 bJErKA product-image beans-responsive-image__image"
                    src="https://digitalcontent.api.tesco.com/v2/media/ghs/bd5743d9-9a74-4f72-a22e-63de75ee65cc/d607a9bb-34e8-4237-a476-3890561b19ee.jpeg?h=225&amp;w=225"
                    srcset="
                      https://digitalcontent.api.tesco.com/v2/media/ghs/bd5743d9-9a74-4f72-a22e-63de75ee65cc/d607a9bb-34e8-4237-a476-3890561b19ee.jpeg?h=225&amp;w=225  768w,
                      https://digitalcontent.api.tesco.com/v2/media/ghs/bd5743d9-9a74-4f72-a22e-63de75ee65cc/d607a9bb-34e8-4237-a476-3890561b19ee.jpeg?h=225&amp;w=225 4000w
                    "
                    alt="Tesco Salt &amp; Pepper Squid 250G"
                /></picture></div
            ></a>
            <div class="product-details--wrapper">
              <h3 class="styles__H3-oa5soe-0 bCKNNq">
                <a
                  href="/groceries/en-GB/products/310115460"
                  class="styled__Anchor-sc-1xbujuz-0 csVOnh beans-link__anchor"
                  data-auto="product-tile--title"
                  ><span
                    class="styled__Text-sc-1xbujuz-1 ldbwMG beans-link__text"
                    >Tesco Salt &amp; Pepper Squid 250G</span
                  ></a
                >
              </h3>
              <div
                class="styles__StyledPromotionsAboveMobile-dvv1wj-7 iPTMuo"
              ></div>
              <div class="styles__StyledProductDetailsContent-dvv1wj-5 ddRSrq">
                <a
                  href="/groceries/en-GB/reviews/submission/310115460?from=%2Fsearch%3Fquery%3Dseafood"
                  aria-label="Write a review for Tesco Salt &amp; Pepper Squid 250G"
                  class="styled__Anchor-sc-1xbujuz-0 jSzuDt write-a-review-link beans-link__anchor"
                  data-auto="review-link"
                  ><span
                    class="styled__Text-sc-1xbujuz-1 fyDIEo beans-link__text"
                    >Write a review</span
                  ><span
                    class="styled__IconContainer-sc-1xbujuz-2 bSauSL beans-link__icon-container"
                    ><svg
                      aria-hidden="true"
                      class="styled__SVG-xxa4wh-1 hQMCqc beans-link__icon beans-icon__svg"
                      height="13.33"
                      preserveAspectRatio="xMinYMax meet"
                      viewBox="-1 0 12 20"
                      width="8"
                      xmlns="http://www.w3.org/2000/svg"
                      color="currentColor"
                    >
                      <path
                        d="M1.312 1.348L10.276 10l-8.964 8.644"
                        fill="none"
                        stroke="currentColor"
                      ></path></svg></span
                ></a>
                <div>
                  <a
                    href="/groceries/en-GB/shop/frozen-food/frozen-fish-and-seafood/frozen-seafood-and-shellfish/frozen-seafood-and-shellfish"
                    class="styled__Anchor-sc-1xbujuz-0 jSzuDt rest-of-shelf-link beans-link__anchor"
                    data-auto="rest-of-shelf-link"
                    ><span
                      class="styled__Text-sc-1xbujuz-1 fyDIEo beans-link__text"
                      >Rest of
                      <span class="visually-hidden"
                        >Frozen Seafood &amp; Shellfish</span
                      >
                      shelf</span
                    ><span
                      class="styled__IconContainer-sc-1xbujuz-2 bSauSL beans-link__icon-container"
                      ><svg
                        aria-hidden="true"
                        class="styled__SVG-xxa4wh-1 hQMCqc beans-link__icon beans-icon__svg"
                        height="13.33"
                        preserveAspectRatio="xMinYMax meet"
                        viewBox="-1 0 12 20"
                        width="8"
                        xmlns="http://www.w3.org/2000/svg"
                        color="currentColor"
                      >
                        <path
                          d="M1.312 1.348L10.276 10l-8.964 8.644"
                          fill="none"
                          stroke="currentColor"
                        ></path></svg></span
                  ></a>
                </div>
                <div class="product-info-message-section">
                  <div class="product-info-message-list"></div>
                </div>
              </div>
              <div class="styles__StyledBuyBoxWrapper-dvv1wj-4 dSvjUC">
                <div
                  class="styles__StyledBuyBoxContainer-sc-1wx0qp6-0 erryje"
                  data-auto="buybox-container"
                >
                  <div class="styles__SafeFormWrapper-jtpu2t-0 lcrYKS">
                    <form
                      action="/groceries/en-GB/trolley/items/310115460?_method=PUT"
                      method="POST"
                    >
                      <input type="submit" class="hidden" /><input
                        type="hidden"
                        name="id"
                        value="310115460"
                      /><input
                        type="hidden"
                        name="identifier"
                        value="Page"
                      /><input
                        type="hidden"
                        name="anchorId"
                        value="#tile-310115460"
                      /><input
                        type="hidden"
                        name="returnUrl"
                        value="/groceries/en-GB/search?query=seafood&amp;redirectIfUnavailable=true#tile-310115460"
                      /><input type="hidden" name="backToUrl" value="#" /><input
                        type="hidden"
                        name="oldValue"
                        value="0"
                      /><input
                        type="hidden"
                        name="oldUnitChoice"
                        value="pcs"
                      /><input type="hidden" name="newUnitChoice" value="pcs" />
                      <div
                        class="base-components__RootElement-sc-1mosoyj-1 styled__Container-sc-6nhkzi-0 jptQqM hSNpTb beans-buybox__container"
                      >
                        <div
                          class="base-components__BaseElement-sc-1mosoyj-0 styled__PriceAndActions-sc-6nhkzi-3 oznwo eEPLov beans-buybox__price-and-actions"
                        >
                          <div
                            class="base-components__RootElement-sc-1mosoyj-1 styled__Container-sc-8qlq5b-0 jptQqM bgZrjw styled__StyledPrice-sc-6nhkzi-5 iYHeik beans-buybox__price beans-price__container"
                          >
                            <p
                              class="styled__StyledHeading-sc-119w3hf-2 jWPEtj styled__Text-sc-8qlq5b-1 lnaeiZ beans-price__text"
                            >
                              £3.00
                            </p>
                            <p
                              class="styled__StyledFootnote-sc-119w3hf-7 icrlVF styled__Subtext-sc-8qlq5b-2 bNJmdc beans-price__subtext"
                            >
                              £12.00/kg
                            </p>
                          </div>
                          <div
                            class="base-components__RootElement-sc-1mosoyj-1 styled__Container-vtxwzb-0 jptQqM bDFhXJ beans-buybox__actions beans-quantity-controls__container"
                          >
                            <div
                              class="base-components__RootElement-sc-1mosoyj-1 styled__Container-sc-16t2b2a-0 jptQqM PUfgZ styled__StyledFormGroup-vtxwzb-1 kzKuAr beans-quantity-controls__form-group beans-form-group__container"
                            >
                              <label
                                class="styled__StyledLabel-sc-1ttuvhr-0 izGEjV beans-form-group__label beans-label"
                                for="quantity-controls-310115460"
                                >Quantity controls<!-- -->
                              </label>
                              <div
                                class="base-components__BaseElement-sc-1mosoyj-0 styled__Children-sc-16t2b2a-3 oznwo gdJvjO beans-form-group__children"
                              >
                                <div
                                  class="styled__StyledQuantityControlWrapper-vtxwzb-6 LCxOg"
                                >
                                  <label
                                    id="quantity-controls-310115460-label"
                                    class="styled__VisuallyHiddenLabel-vtxwzb-7 gXlLiM"
                                    >Quantity of Tesco Salt &amp; Pepper Squid
                                    250G</label
                                  >
                                  <div
                                    class="component__Wrapper-sc-1kpmik-3 dReplG input-wrapper"
                                  >
                                    <input
                                      type="number"
                                      class="base-components__RootElement-sc-1mosoyj-1 styled__StyledInput-sc-1jd5f57-0 component__StyledAsInput-sc-1kpmik-4 jptQqM eJLlow styled__StyledInput-vtxwzb-3 lwMHo beans-quantity-controls__input beans-input"
                                      data-auto="beans-quantity-controls-input"
                                      autocomplete="off"
                                      id="quantity-controls-310115460"
                                      maxlength="2"
                                      name="newValue"
                                      aria-labelledby="quantity-controls-310115460-label"
                                      value="1"
                                    />
                                  </div>
                                </div>
                                <button
                                  class="styled__BaseButton-rsekm1-0 styled__PrimaryButton-rsekm1-2 jChbeY geeWOF styled__StyledButton-vtxwzb-5 japAxb beans-quantity-controls__add-button beans-button__container"
                                  type="submit"
                                  data-auto="beans-quantity-controls-add-button"
                                  aria-label="Quantity of Tesco Salt &amp; Pepper Squid 250G"
                                >
                                  <span
                                    class="base-components__BaseElement-sc-1mosoyj-0 styled__InnerContainer-rsekm1-1 oznwo fuFres beans-button__inner-container"
                                    ><span
                                      class="base-components__BaseElement-sc-1mosoyj-0 styled__TextSpan-rsekm1-4 oznwo GDiMp beans-button__text"
                                      >Add</span
                                    ></span
                                  >
                                </button>
                              </div>
                            </div>
                          </div>
                        </div>
                      </div>
                      <input
                        type="hidden"
                        name="_csrf"
                        value="BeMqcJBE-zCJWuNH91oq73jFXs7WkHUAPSZM"
                      />
                    </form>
                  </div>
                </div>
              </div>
            </div>
            <div class="hidden-medium product-info-section-small">
              <div class="product-info-message-list"></div>
            </div>
          </div>
        </div>
      </div>
    </div>
  </li>
  <li class="product-list--list-item">
    <div class="styles__StyledVerticalTileWrapper-dvv1wj-0 dtCNPH">
      <div
        data-auto="product-tile"
        data-auto-type="Quantity"
        data-auto-available="true"
        data-auto-is-restricted-disabled="false"
        data-auto-is-substitute="false"
        class="styles__StyledVerticalTile-dvv1wj-1 gSCsYK"
      >
        <div class="styles__StyledTileContentWrapper-dvv1wj-2 bkNhNP beans">
          <div
            id="tile-264456874"
            data-auto-id="264456874"
            class="styles__StyledTiledContent-dvv1wj-3 bcglTg"
          >
            <a
              href="/groceries/en-GB/products/264456874"
              aria-hidden="true"
              class="product-image-wrapper"
              tabindex="1"
              ><div class="product-image__container">
                <picture
                  ><img
                    class="styled__Image-sjvkdn-0 bJErKA product-image beans-responsive-image__image"
                    src="https://digitalcontent.api.tesco.com/v2/media/ghs/fd2b8d47-b2ec-4fd0-a25f-edeb952f779d/25737d9c-55de-489e-afce-1e11dad0672e_1786897091.jpeg?h=225&amp;w=225"
                    srcset="
                      https://digitalcontent.api.tesco.com/v2/media/ghs/fd2b8d47-b2ec-4fd0-a25f-edeb952f779d/25737d9c-55de-489e-afce-1e11dad0672e_1786897091.jpeg?h=225&amp;w=225  768w,
                      https://digitalcontent.api.tesco.com/v2/media/ghs/fd2b8d47-b2ec-4fd0-a25f-edeb952f779d/25737d9c-55de-489e-afce-1e11dad0672e_1786897091.jpeg?h=225&amp;w=225 4000w
                    "
                    alt="Van Smirren Cockles In Vinegar 205G"
                /></picture></div
            ></a>
            <div class="product-details--wrapper">
              <h3 class="styles__H3-oa5soe-0 bCKNNq">
                <a
                  href="/groceries/en-GB/products/264456874"
                  class="styled__Anchor-sc-1xbujuz-0 csVOnh beans-link__anchor"
                  data-auto="product-tile--title"
                  ><span
                    class="styled__Text-sc-1xbujuz-1 ldbwMG beans-link__text"
                    >Van Smirren Cockles In Vinegar 205G</span
                  ></a
                >
              </h3>
              <div
                class="styles__StyledPromotionsAboveMobile-dvv1wj-7 iPTMuo"
              ></div>
              <div class="styles__StyledProductDetailsContent-dvv1wj-5 ddRSrq">
                <a
                  href="/groceries/en-GB/reviews/submission/264456874?from=%2Fsearch%3Fquery%3Dseafood"
                  aria-label="Write a review for Van Smirren Cockles In Vinegar 205G"
                  class="styled__Anchor-sc-1xbujuz-0 jSzuDt write-a-review-link beans-link__anchor"
                  data-auto="review-link"
                  ><span
                    class="styled__Text-sc-1xbujuz-1 fyDIEo beans-link__text"
                    >Write a review</span
                  ><span
                    class="styled__IconContainer-sc-1xbujuz-2 bSauSL beans-link__icon-container"
                    ><svg
                      aria-hidden="true"
                      class="styled__SVG-xxa4wh-1 hQMCqc beans-link__icon beans-icon__svg"
                      height="13.33"
                      preserveAspectRatio="xMinYMax meet"
                      viewBox="-1 0 12 20"
                      width="8"
                      xmlns="http://www.w3.org/2000/svg"
                      color="currentColor"
                    >
                      <path
                        d="M1.312 1.348L10.276 10l-8.964 8.644"
                        fill="none"
                        stroke="currentColor"
                      ></path></svg></span
                ></a>
                <div>
                  <a
                    href="/groceries/en-GB/shop/food-cupboard/tins-cans-and-packets/tinned-fish-and-seafood/tinned-seafood"
                    class="styled__Anchor-sc-1xbujuz-0 jSzuDt rest-of-shelf-link beans-link__anchor"
                    data-auto="rest-of-shelf-link"
                    ><span
                      class="styled__Text-sc-1xbujuz-1 fyDIEo beans-link__text"
                      >Rest of
                      <span class="visually-hidden">Tinned Seafood</span>
                      shelf</span
                    ><span
                      class="styled__IconContainer-sc-1xbujuz-2 bSauSL beans-link__icon-container"
                      ><svg
                        aria-hidden="true"
                        class="styled__SVG-xxa4wh-1 hQMCqc beans-link__icon beans-icon__svg"
                        height="13.33"
                        preserveAspectRatio="xMinYMax meet"
                        viewBox="-1 0 12 20"
                        width="8"
                        xmlns="http://www.w3.org/2000/svg"
                        color="currentColor"
                      >
                        <path
                          d="M1.312 1.348L10.276 10l-8.964 8.644"
                          fill="none"
                          stroke="currentColor"
                        ></path></svg></span
                  ></a>
                </div>
                <div class="product-info-message-section">
                  <div class="product-info-message-list">
                    <div class="styled__WhiteBackground-sc-9yzfq2-1 jthPIJ">
                      <svg
                        width="56"
                        height="56"
                        viewBox="0 0 56 56"
                        fill="none"
                        xmlns="http://www.w3.org/2000/svg"
                      >
                        <path
                          d="M47.3812 23.9997C47.3812 36.9128 36.913 47.3809 23.9999 47.3809C11.0869 47.3809 0.618652 36.9128 0.618652 23.9997C0.618652 11.0866 11.0869 0.618412 23.9999 0.618412C36.913 0.618412 47.3812 11.0866 47.3812 23.9997Z"
                          fill="white"
                        ></path>
                        <path
                          d="M47.2669 24.0006C47.2669 36.8253 36.8706 47.2217 24.046 47.2217C11.2214 47.2217 0.73291 36.9173 0.73291 24.0926C0.73291 11.2678 11.2214 0.77932 24.046 0.77932C36.8706 0.77932 47.2669 11.1758 47.2669 24.0006Z"
                          fill="white"
                        ></path>
                        <path
                          d="M40.5112 24.4162H39.8523C39.8519 28.7959 38.0789 32.7545 35.2089 35.6251C32.3383 38.4946 28.3799 40.2678 24.0004 40.268C19.6209 40.2678 15.662 38.4946 12.7914 35.6251C9.92179 32.7545 8.14879 28.7959 8.14848 24.4162C8.14879 20.0367 9.92179 16.0782 12.7914 13.2075C15.662 10.3379 19.6209 8.565 24.0004 8.56473C28.3799 8.565 32.3383 10.3379 35.2089 13.2075C38.0789 16.0782 39.8519 20.0367 39.8523 24.4162H40.5112H41.1701C41.1697 14.9333 33.4831 7.2471 24.0004 7.24669C14.5175 7.2471 6.83099 14.9333 6.83057 24.4162C6.83099 33.8993 14.5175 41.5855 24.0004 41.5859C33.4831 41.5855 41.1697 33.8993 41.1701 24.4162H40.5112Z"
                          fill="#040606"
                        ></path>
                        <path
                          d="M46.5795 24.0003H45.9377C45.9373 30.0604 43.483 35.5404 39.5122 39.5124C35.5401 43.4833 30.06 45.9373 24.0003 45.9377C17.9403 45.9373 12.4601 43.4833 8.48825 39.5124C4.51756 35.5404 2.06321 30.0604 2.06284 24.0003C2.06321 17.9406 4.51756 12.4603 8.48825 8.48857C12.4601 4.51752 17.9403 2.06367 24.0003 2.06327C30.06 2.06367 35.5401 4.51752 39.5122 8.48857C43.483 12.4603 45.9373 17.9406 45.9377 24.0003H46.5795H47.2216C47.221 11.1753 36.8253 0.779591 24.0003 0.77932C11.1753 0.779591 0.779601 11.1753 0.778809 24.0003C0.779601 36.8256 11.1753 47.2214 24.0003 47.2217C36.8253 47.2214 47.221 36.8256 47.2216 24.0003H46.5795Z"
                          fill="#EE2742"
                        ></path>
                        <path
                          d="M38.9616 9.03867C42.7926 12.8723 45.158 18.1525 45.1588 23.9999C45.158 29.8475 42.7926 35.1277 38.9615 38.9615C35.1276 42.7928 29.8473 45.1577 24.0001 45.1585C18.1525 45.1577 12.8723 42.7928 9.03866 38.9613C5.20759 35.1277 2.84225 29.8475 2.84141 23.9999C2.84225 18.1525 5.20759 12.8723 9.03882 9.03867C12.8723 5.20738 18.1525 2.84242 24.0003 2.84161C29.8473 2.84242 35.1275 5.20738 38.9616 9.03867ZM48.0003 23.2212H47.9863C47.574 10.3265 36.9948 0.000953421 24.0001 0.000141651C10.7448 0.00108872 0.00126839 10.7446 0 23.9999C0.00126839 37.2556 10.7448 47.999 24.0001 48C36.9948 47.9992 47.574 37.6736 47.9863 24.7785H48.0003V24.0019C48.0003 24.0012 48.0003 24.0005 48.0003 24V23.2212Z"
                          fill="#EE2742"
                        ></path>
                        <path
                          d="M43.7523 30.792H10.9861L10.5169 29.0828H4.30322V18.3235H43.7523V30.792Z"
                          fill="white"
                        ></path>
                        <path
                          d="M18.3762 17.2768H20.8701V18.2578H17.3135V12.5344H18.3762V17.2768Z"
                          fill="#040606"
                        ></path>
                        <path
                          d="M22.3756 17.0477C22.5852 17.277 22.8593 17.3912 23.1974 17.3912C23.5353 17.3912 23.8092 17.277 24.019 17.0477C24.2289 16.819 24.3337 16.5195 24.3337 16.1485C24.3337 15.7778 24.2289 15.478 24.019 15.2491C23.8092 15.0201 23.5353 14.9056 23.1974 14.9056C22.8593 14.9056 22.5852 15.0201 22.3756 15.2491C22.1658 15.478 22.0609 15.7778 22.0609 16.1485C22.0609 16.5195 22.1658 16.819 22.3756 17.0477ZM21.3004 15.0325C21.4802 14.7027 21.735 14.4438 22.065 14.2557C22.3947 14.0677 22.7721 13.9736 23.1974 13.9736C23.6225 13.9736 23.9999 14.0677 24.3297 14.2557C24.6594 14.4438 24.9141 14.7027 25.0943 15.0325C25.2742 15.3623 25.3639 15.7344 25.3639 16.1485C25.3639 16.5628 25.2742 16.9348 25.0943 17.2646C24.9141 17.5944 24.6594 17.8532 24.3297 18.0414C23.9999 18.2295 23.6225 18.3232 23.1974 18.3232C22.7721 18.3232 22.3947 18.2295 22.065 18.0414C21.735 17.8532 21.4802 17.5944 21.3004 17.2646C21.1205 16.9348 21.0308 16.5628 21.0308 16.1485C21.0308 15.7344 21.1205 15.3623 21.3004 15.0325Z"
                          fill="#040606"
                        ></path>
                        <path
                          d="M30.1263 18.2578H29.145L28.4339 15.4943L27.7225 18.2578H26.7411L25.4248 14.039H26.4141L27.2153 16.8024L27.9431 14.039H28.9245L29.6522 16.8024L30.4533 14.039H31.4426L30.1263 18.2578Z"
                          fill="#040606"
                        ></path>
                        <path
                          d="M18.0825 33.0868C18.2357 32.9529 18.3121 32.7552 18.3121 32.4933C18.3121 32.2312 18.2357 32.0335 18.0825 31.8996C17.9301 31.7658 17.7224 31.6994 17.4605 31.6994H16.5027V33.287H17.4605C17.7224 33.287 17.9301 33.2206 18.0825 33.0868ZM16.5027 36.4473H15.4385V30.7164H17.5426C17.9244 30.7164 18.2548 30.7944 18.5331 30.95C18.8114 31.1058 19.0243 31.3182 19.1715 31.5886C19.319 31.8587 19.3923 32.1602 19.3923 32.4933C19.3923 32.826 19.319 33.1278 19.1715 33.3979C19.0243 33.6678 18.8114 33.8807 18.5331 34.0362C18.2548 34.1918 17.9244 34.2697 17.5426 34.2697H16.5027V36.4473Z"
                          fill="#040606"
                        ></path>
                        <path
                          d="M19.8657 32.2232H20.881V32.8617C21.0007 32.6323 21.17 32.4578 21.3886 32.3378C21.6068 32.2175 21.8498 32.1576 22.117 32.1576C22.3953 32.1576 22.6137 32.2201 22.7721 32.3457L22.4281 33.2055C22.2859 33.1289 22.1361 33.0906 21.9779 33.0906C21.6611 33.0906 21.3992 33.2275 21.192 33.5C20.9847 33.773 20.881 34.1931 20.881 34.7609V36.4473H19.8657V32.2232Z"
                          fill="#040606"
                        ></path>
                        <path
                          d="M24.176 36.4473H23.1607V32.2232H24.176V36.4473ZM23.2019 30.7412C23.3273 30.6156 23.4829 30.5529 23.6684 30.5529C23.8536 30.5529 24.0094 30.6156 24.135 30.7412C24.2604 30.8669 24.3232 31.0222 24.3232 31.2077C24.3232 31.3936 24.2604 31.5488 24.135 31.6746C24.0094 31.8 23.8536 31.8628 23.6684 31.8628C23.4829 31.8628 23.3273 31.8 23.2019 31.6746C23.0764 31.5488 23.0137 31.3936 23.0137 31.2077C23.0137 31.0222 23.0764 30.8669 23.2019 30.7412Z"
                          fill="#040606"
                        ></path>
                        <path
                          d="M25.8191 36.2343C25.4966 36.0492 25.2462 35.7915 25.0659 35.4611C24.8857 35.1309 24.7959 34.7557 24.7959 34.3352C24.7959 33.9151 24.8857 33.5396 25.0659 33.2096C25.2462 32.8794 25.4966 32.6214 25.8191 32.4359C26.1407 32.2504 26.5095 32.1577 26.9241 32.1577C27.8628 32.1577 28.4985 32.5424 28.8316 33.3121L27.9066 33.7294C27.6939 33.3035 27.3662 33.0907 26.9241 33.0907C26.6076 33.0907 26.3457 33.2056 26.138 33.4348C25.9309 33.6635 25.8271 33.964 25.8271 34.3352C25.8271 34.7065 25.9309 35.0066 26.138 35.2355C26.3457 35.4651 26.6076 35.5796 26.9241 35.5796C27.3662 35.5796 27.6939 35.3667 27.9066 34.9413L28.8316 35.3588C28.4985 36.1282 27.8628 36.5127 26.9241 36.5127C26.5095 36.5127 26.1407 36.4202 25.8191 36.2343Z"
                          fill="#040606"
                        ></path>
                        <path
                          d="M32.1759 33.8603C32.1377 33.6203 32.0274 33.4238 31.8445 33.2713C31.6617 33.118 31.4312 33.0416 31.1528 33.0416C30.9178 33.0416 30.7076 33.1142 30.5225 33.2587C30.3369 33.4032 30.2084 33.604 30.1373 33.8603H32.1759ZM33.216 34.6624H30.0966C30.151 34.9734 30.2791 35.21 30.4814 35.371C30.6832 35.5321 30.9289 35.6123 31.2182 35.6123C31.4582 35.6123 31.6586 35.5621 31.8197 35.4611C31.981 35.3597 32.1351 35.2059 32.2824 34.9982L33.1422 35.4651C32.9345 35.8037 32.6714 36.0625 32.3517 36.2427C32.0327 36.4226 31.6357 36.5127 31.1608 36.5127C30.7133 36.5127 30.3297 36.4082 30.0106 36.1979C29.6913 35.9875 29.4525 35.7161 29.2943 35.383C29.1359 35.0503 29.0571 34.7009 29.0571 34.3352C29.0571 33.9697 29.1399 33.6203 29.3065 33.2872C29.473 32.9545 29.7145 32.6831 30.0313 32.4728C30.3476 32.2626 30.7217 32.1577 31.1528 32.1577C31.5889 32.1577 31.9631 32.2557 32.2742 32.4523C32.5852 32.6488 32.8197 32.9067 32.9782 33.226C33.1365 33.545 33.216 33.8849 33.216 34.2453V34.6624Z"
                          fill="#040606"
                        ></path>
                        <path
                          d="M9.13617 21.298H6.03734V22.8016H8.52242V24.0285H6.03734V26.0024H9.23843V27.2295H4.70801V20.0709H9.13617V21.298Z"
                          fill="#040606"
                        ></path>
                        <path
                          d="M9.25439 21.9527H10.5327L11.7802 25.4808L13.0281 21.9527H14.3065L12.3532 27.2295H11.2076L9.25439 21.9527Z"
                          fill="#040606"
                        ></path>
                        <path
                          d="M18.1491 23.9973C18.1012 23.6974 17.963 23.4521 17.7347 23.261C17.5062 23.0701 17.2182 22.9747 16.8707 22.9747C16.5772 22.9747 16.3147 23.065 16.0828 23.2456C15.8514 23.4262 15.6909 23.6768 15.6023 23.9973H18.1491ZM19.4475 24.9994H15.5513C15.6193 25.3881 15.7795 25.6829 16.032 25.884C16.284 26.0852 16.5909 26.186 16.9524 26.186C17.2521 26.186 17.5026 26.1228 17.7037 25.9966C17.9049 25.8703 18.0977 25.6779 18.2817 25.4187L19.3555 26.0018C19.0961 26.4242 18.7676 26.7483 18.3688 26.9734C17.9699 27.1981 17.4737 27.3105 16.8807 27.3105C16.3216 27.3105 15.8426 27.1794 15.4437 26.9167C15.0453 26.6544 14.7468 26.3152 14.5491 25.8993C14.3513 25.4837 14.2524 25.0473 14.2524 24.5906C14.2524 24.1337 14.3562 23.6974 14.5643 23.2816C14.7722 22.8656 15.0741 22.5264 15.4696 22.264C15.865 22.0016 16.3319 21.8703 16.8707 21.8703C17.4159 21.8703 17.8828 21.993 18.2715 22.2385C18.6601 22.4839 18.9531 22.8059 19.1509 23.2047C19.3486 23.6036 19.4475 24.028 19.4475 24.478V24.9994Z"
                          fill="#040606"
                        ></path>
                        <path
                          d="M20.1338 21.9527H21.4018V22.7501C21.5515 22.4639 21.7634 22.2458 22.036 22.0959C22.3087 21.9458 22.612 21.8709 22.9463 21.8709C23.2937 21.8709 23.5665 21.9492 23.7642 22.1059L23.3349 23.1797C23.1574 23.0845 22.9698 23.0366 22.772 23.0366C22.3767 23.0366 22.0497 23.207 21.7903 23.5478C21.5315 23.8889 21.4018 24.4139 21.4018 25.1227V27.2295H20.1338V21.9527Z"
                          fill="#040606"
                        ></path>
                        <path
                          d="M25.7172 26.9022L23.8047 21.9528H25.0831L26.3206 25.3068L27.4865 21.9528H28.7545L26.0545 29.3154H24.8275L25.7172 26.9022Z"
                          fill="#040606"
                        ></path>
                        <path
                          d="M32.1759 25.7254C32.4245 25.446 32.5493 25.0676 32.5493 24.5906C32.5493 24.1133 32.4245 23.735 32.1759 23.4553C31.9268 23.1759 31.6152 23.036 31.2402 23.036C30.865 23.036 30.5531 23.1759 30.3045 23.4553C30.0554 23.735 29.9311 24.1133 29.9311 24.5906C29.9311 25.0676 30.0554 25.446 30.3045 25.7254C30.5531 26.0054 30.865 26.1448 31.2402 26.1448C31.6152 26.1448 31.9268 26.0054 32.1759 25.7254ZM29.7573 26.9631C29.403 26.7312 29.125 26.4072 28.9239 25.9916C28.7227 25.5757 28.6221 25.1086 28.6221 24.5906C28.6221 24.0656 28.7192 23.5968 28.9136 23.1845C29.1081 22.7719 29.3789 22.4498 29.727 22.2179C30.0745 21.9864 30.4733 21.8703 30.9232 21.8703C31.2775 21.8703 31.5877 21.9335 31.8535 22.0596C32.1196 22.1857 32.3243 22.3646 32.4673 22.5963V19.9886H33.7353V27.229H32.4673V26.5947C32.317 26.8062 32.1128 26.9783 31.8535 27.1111C31.5945 27.2441 31.2878 27.3105 30.9335 27.3105C30.5042 27.3105 30.1117 27.1947 29.7573 26.9631Z"
                          fill="#040606"
                        ></path>
                        <path
                          d="M37.3676 25.9197C37.603 25.7151 37.7204 25.4631 37.7204 25.1631V25.02H36.7184C36.4252 25.02 36.1916 25.0763 36.0177 25.1887C35.844 25.3011 35.7569 25.4562 35.7569 25.654C35.7569 25.838 35.8201 25.9794 35.9462 26.0784C36.0721 26.1772 36.258 26.2267 36.5037 26.2267C36.8444 26.2267 37.1326 26.1244 37.3676 25.9197ZM35.3272 27.1267C35.0547 27.0038 34.8363 26.8247 34.6729 26.5897C34.5093 26.3544 34.4277 26.073 34.4277 25.746C34.4277 25.2278 34.6219 24.8106 35.0105 24.4933C35.3992 24.1764 35.9241 24.0177 36.5854 24.0177H37.7204V23.8336C37.7204 23.5679 37.6284 23.3549 37.4444 23.1945C37.2603 23.0344 37.0113 22.9542 36.698 22.9542C36.4455 22.9542 36.2173 23.0207 36.0129 23.1536C35.8083 23.2866 35.6546 23.4419 35.5523 23.619L34.5809 23.036C34.7649 22.7021 35.0375 22.4244 35.3992 22.2028C35.7603 21.981 36.1931 21.8703 36.698 21.8703C37.4205 21.8703 37.9827 22.0439 38.385 22.3916C38.7873 22.7395 38.9885 23.2405 38.9885 23.8952V27.229H37.9455L37.7718 26.554C37.6009 26.7859 37.3846 26.97 37.1223 27.1061C36.8595 27.2425 36.5512 27.3105 36.1969 27.3105C35.8899 27.3105 35.6003 27.2494 35.3272 27.1267Z"
                          fill="#040606"
                        ></path>
                        <path
                          d="M40.9395 26.9022L39.0273 21.9528H40.3056L41.5429 25.3068L42.7087 21.9528H43.9767L41.2772 29.3154H40.0498L40.9395 26.9022Z"
                          fill="#040606"
                        ></path>
                      </svg>
                      <p
                        class="styled__StyledBodyText-sc-119w3hf-5 ggtTyf styled__DarkGreyBodyText-sc-9yzfq2-2 lmkdDf"
                      >
                        Low Everyday Price
                      </p>
                    </div>
                  </div>
                </div>
              </div>
              <div class="styles__StyledBuyBoxWrapper-dvv1wj-4 dSvjUC">
                <div
                  class="styles__StyledBuyBoxContainer-sc-1wx0qp6-0 erryje"
                  data-auto="buybox-container"
                >
                  <div class="styles__SafeFormWrapper-jtpu2t-0 lcrYKS">
                    <form
                      action="/groceries/en-GB/trolley/items/264456874?_method=PUT"
                      method="POST"
                    >
                      <input type="submit" class="hidden" /><input
                        type="hidden"
                        name="id"
                        value="264456874"
                      /><input
                        type="hidden"
                        name="identifier"
                        value="Page"
                      /><input
                        type="hidden"
                        name="anchorId"
                        value="#tile-264456874"
                      /><input
                        type="hidden"
                        name="returnUrl"
                        value="/groceries/en-GB/search?query=seafood&amp;redirectIfUnavailable=true#tile-264456874"
                      /><input type="hidden" name="backToUrl" value="#" /><input
                        type="hidden"
                        name="oldValue"
                        value="0"
                      /><input
                        type="hidden"
                        name="oldUnitChoice"
                        value="pcs"
                      /><input type="hidden" name="newUnitChoice" value="pcs" />
                      <div
                        class="base-components__RootElement-sc-1mosoyj-1 styled__Container-sc-6nhkzi-0 jptQqM hSNpTb beans-buybox__container"
                      >
                        <div
                          class="base-components__BaseElement-sc-1mosoyj-0 styled__PriceAndActions-sc-6nhkzi-3 oznwo eEPLov beans-buybox__price-and-actions"
                        >
                          <div
                            class="base-components__RootElement-sc-1mosoyj-1 styled__Container-sc-8qlq5b-0 jptQqM bgZrjw styled__StyledPrice-sc-6nhkzi-5 iYHeik beans-buybox__price beans-price__container"
                          >
                            <p
                              class="styled__StyledHeading-sc-119w3hf-2 jWPEtj styled__Text-sc-8qlq5b-1 lnaeiZ beans-price__text"
                            >
                              £2.00
                            </p>
                            <p
                              class="styled__StyledFootnote-sc-119w3hf-7 icrlVF styled__Subtext-sc-8qlq5b-2 bNJmdc beans-price__subtext"
                            >
                              £2.23/100g DR.WT
                            </p>
                          </div>
                          <div
                            class="base-components__RootElement-sc-1mosoyj-1 styled__Container-vtxwzb-0 jptQqM bDFhXJ beans-buybox__actions beans-quantity-controls__container"
                          >
                            <div
                              class="base-components__RootElement-sc-1mosoyj-1 styled__Container-sc-16t2b2a-0 jptQqM PUfgZ styled__StyledFormGroup-vtxwzb-1 kzKuAr beans-quantity-controls__form-group beans-form-group__container"
                            >
                              <label
                                class="styled__StyledLabel-sc-1ttuvhr-0 izGEjV beans-form-group__label beans-label"
                                for="quantity-controls-264456874"
                                >Quantity controls<!-- -->
                              </label>
                              <div
                                class="base-components__BaseElement-sc-1mosoyj-0 styled__Children-sc-16t2b2a-3 oznwo gdJvjO beans-form-group__children"
                              >
                                <div
                                  class="styled__StyledQuantityControlWrapper-vtxwzb-6 LCxOg"
                                >
                                  <label
                                    id="quantity-controls-264456874-label"
                                    class="styled__VisuallyHiddenLabel-vtxwzb-7 gXlLiM"
                                    >Quantity of Van Smirren Cockles In Vinegar
                                    205G</label
                                  >
                                  <div
                                    class="component__Wrapper-sc-1kpmik-3 dReplG input-wrapper"
                                  >
                                    <input
                                      type="number"
                                      class="base-components__RootElement-sc-1mosoyj-1 styled__StyledInput-sc-1jd5f57-0 component__StyledAsInput-sc-1kpmik-4 jptQqM eJLlow styled__StyledInput-vtxwzb-3 lwMHo beans-quantity-controls__input beans-input"
                                      data-auto="beans-quantity-controls-input"
                                      autocomplete="off"
                                      id="quantity-controls-264456874"
                                      maxlength="2"
                                      name="newValue"
                                      aria-labelledby="quantity-controls-264456874-label"
                                      value="1"
                                    />
                                  </div>
                                </div>
                                <button
                                  class="styled__BaseButton-rsekm1-0 styled__PrimaryButton-rsekm1-2 jChbeY geeWOF styled__StyledButton-vtxwzb-5 japAxb beans-quantity-controls__add-button beans-button__container"
                                  type="submit"
                                  data-auto="beans-quantity-controls-add-button"
                                  aria-label="Quantity of Van Smirren Cockles In Vinegar 205G"
                                >
                                  <span
                                    class="base-components__BaseElement-sc-1mosoyj-0 styled__InnerContainer-rsekm1-1 oznwo fuFres beans-button__inner-container"
                                    ><span
                                      class="base-components__BaseElement-sc-1mosoyj-0 styled__TextSpan-rsekm1-4 oznwo GDiMp beans-button__text"
                                      >Add</span
                                    ></span
                                  >
                                </button>
                              </div>
                            </div>
                          </div>
                        </div>
                      </div>
                      <input
                        type="hidden"
                        name="_csrf"
                        value="BeMqcJBE-zCJWuNH91oq73jFXs7WkHUAPSZM"
                      />
                    </form>
                  </div>
                </div>
              </div>
            </div>
            <div class="hidden-medium product-info-section-small">
              <div class="product-info-message-list">
                <div class="styled__WhiteBackground-sc-9yzfq2-1 jthPIJ">
                  <svg
                    width="56"
                    height="56"
                    viewBox="0 0 56 56"
                    fill="none"
                    xmlns="http://www.w3.org/2000/svg"
                  >
                    <path
                      d="M47.3812 23.9997C47.3812 36.9128 36.913 47.3809 23.9999 47.3809C11.0869 47.3809 0.618652 36.9128 0.618652 23.9997C0.618652 11.0866 11.0869 0.618412 23.9999 0.618412C36.913 0.618412 47.3812 11.0866 47.3812 23.9997Z"
                      fill="white"
                    ></path>
                    <path
                      d="M47.2669 24.0006C47.2669 36.8253 36.8706 47.2217 24.046 47.2217C11.2214 47.2217 0.73291 36.9173 0.73291 24.0926C0.73291 11.2678 11.2214 0.77932 24.046 0.77932C36.8706 0.77932 47.2669 11.1758 47.2669 24.0006Z"
                      fill="white"
                    ></path>
                    <path
                      d="M40.5112 24.4162H39.8523C39.8519 28.7959 38.0789 32.7545 35.2089 35.6251C32.3383 38.4946 28.3799 40.2678 24.0004 40.268C19.6209 40.2678 15.662 38.4946 12.7914 35.6251C9.92179 32.7545 8.14879 28.7959 8.14848 24.4162C8.14879 20.0367 9.92179 16.0782 12.7914 13.2075C15.662 10.3379 19.6209 8.565 24.0004 8.56473C28.3799 8.565 32.3383 10.3379 35.2089 13.2075C38.0789 16.0782 39.8519 20.0367 39.8523 24.4162H40.5112H41.1701C41.1697 14.9333 33.4831 7.2471 24.0004 7.24669C14.5175 7.2471 6.83099 14.9333 6.83057 24.4162C6.83099 33.8993 14.5175 41.5855 24.0004 41.5859C33.4831 41.5855 41.1697 33.8993 41.1701 24.4162H40.5112Z"
                      fill="#040606"
                    ></path>
                    <path
                      d="M46.5795 24.0003H45.9377C45.9373 30.0604 43.483 35.5404 39.5122 39.5124C35.5401 43.4833 30.06 45.9373 24.0003 45.9377C17.9403 45.9373 12.4601 43.4833 8.48825 39.5124C4.51756 35.5404 2.06321 30.0604 2.06284 24.0003C2.06321 17.9406 4.51756 12.4603 8.48825 8.48857C12.4601 4.51752 17.9403 2.06367 24.0003 2.06327C30.06 2.06367 35.5401 4.51752 39.5122 8.48857C43.483 12.4603 45.9373 17.9406 45.9377 24.0003H46.5795H47.2216C47.221 11.1753 36.8253 0.779591 24.0003 0.77932C11.1753 0.779591 0.779601 11.1753 0.778809 24.0003C0.779601 36.8256 11.1753 47.2214 24.0003 47.2217C36.8253 47.2214 47.221 36.8256 47.2216 24.0003H46.5795Z"
                      fill="#EE2742"
                    ></path>
                    <path
                      d="M38.9616 9.03867C42.7926 12.8723 45.158 18.1525 45.1588 23.9999C45.158 29.8475 42.7926 35.1277 38.9615 38.9615C35.1276 42.7928 29.8473 45.1577 24.0001 45.1585C18.1525 45.1577 12.8723 42.7928 9.03866 38.9613C5.20759 35.1277 2.84225 29.8475 2.84141 23.9999C2.84225 18.1525 5.20759 12.8723 9.03882 9.03867C12.8723 5.20738 18.1525 2.84242 24.0003 2.84161C29.8473 2.84242 35.1275 5.20738 38.9616 9.03867ZM48.0003 23.2212H47.9863C47.574 10.3265 36.9948 0.000953421 24.0001 0.000141651C10.7448 0.00108872 0.00126839 10.7446 0 23.9999C0.00126839 37.2556 10.7448 47.999 24.0001 48C36.9948 47.9992 47.574 37.6736 47.9863 24.7785H48.0003V24.0019C48.0003 24.0012 48.0003 24.0005 48.0003 24V23.2212Z"
                      fill="#EE2742"
                    ></path>
                    <path
                      d="M43.7523 30.792H10.9861L10.5169 29.0828H4.30322V18.3235H43.7523V30.792Z"
                      fill="white"
                    ></path>
                    <path
                      d="M18.3762 17.2768H20.8701V18.2578H17.3135V12.5344H18.3762V17.2768Z"
                      fill="#040606"
                    ></path>
                    <path
                      d="M22.3756 17.0477C22.5852 17.277 22.8593 17.3912 23.1974 17.3912C23.5353 17.3912 23.8092 17.277 24.019 17.0477C24.2289 16.819 24.3337 16.5195 24.3337 16.1485C24.3337 15.7778 24.2289 15.478 24.019 15.2491C23.8092 15.0201 23.5353 14.9056 23.1974 14.9056C22.8593 14.9056 22.5852 15.0201 22.3756 15.2491C22.1658 15.478 22.0609 15.7778 22.0609 16.1485C22.0609 16.5195 22.1658 16.819 22.3756 17.0477ZM21.3004 15.0325C21.4802 14.7027 21.735 14.4438 22.065 14.2557C22.3947 14.0677 22.7721 13.9736 23.1974 13.9736C23.6225 13.9736 23.9999 14.0677 24.3297 14.2557C24.6594 14.4438 24.9141 14.7027 25.0943 15.0325C25.2742 15.3623 25.3639 15.7344 25.3639 16.1485C25.3639 16.5628 25.2742 16.9348 25.0943 17.2646C24.9141 17.5944 24.6594 17.8532 24.3297 18.0414C23.9999 18.2295 23.6225 18.3232 23.1974 18.3232C22.7721 18.3232 22.3947 18.2295 22.065 18.0414C21.735 17.8532 21.4802 17.5944 21.3004 17.2646C21.1205 16.9348 21.0308 16.5628 21.0308 16.1485C21.0308 15.7344 21.1205 15.3623 21.3004 15.0325Z"
                      fill="#040606"
                    ></path>
                    <path
                      d="M30.1263 18.2578H29.145L28.4339 15.4943L27.7225 18.2578H26.7411L25.4248 14.039H26.4141L27.2153 16.8024L27.9431 14.039H28.9245L29.6522 16.8024L30.4533 14.039H31.4426L30.1263 18.2578Z"
                      fill="#040606"
                    ></path>
                    <path
                      d="M18.0825 33.0868C18.2357 32.9529 18.3121 32.7552 18.3121 32.4933C18.3121 32.2312 18.2357 32.0335 18.0825 31.8996C17.9301 31.7658 17.7224 31.6994 17.4605 31.6994H16.5027V33.287H17.4605C17.7224 33.287 17.9301 33.2206 18.0825 33.0868ZM16.5027 36.4473H15.4385V30.7164H17.5426C17.9244 30.7164 18.2548 30.7944 18.5331 30.95C18.8114 31.1058 19.0243 31.3182 19.1715 31.5886C19.319 31.8587 19.3923 32.1602 19.3923 32.4933C19.3923 32.826 19.319 33.1278 19.1715 33.3979C19.0243 33.6678 18.8114 33.8807 18.5331 34.0362C18.2548 34.1918 17.9244 34.2697 17.5426 34.2697H16.5027V36.4473Z"
                      fill="#040606"
                    ></path>
                    <path
                      d="M19.8657 32.2232H20.881V32.8617C21.0007 32.6323 21.17 32.4578 21.3886 32.3378C21.6068 32.2175 21.8498 32.1576 22.117 32.1576C22.3953 32.1576 22.6137 32.2201 22.7721 32.3457L22.4281 33.2055C22.2859 33.1289 22.1361 33.0906 21.9779 33.0906C21.6611 33.0906 21.3992 33.2275 21.192 33.5C20.9847 33.773 20.881 34.1931 20.881 34.7609V36.4473H19.8657V32.2232Z"
                      fill="#040606"
                    ></path>
                    <path
                      d="M24.176 36.4473H23.1607V32.2232H24.176V36.4473ZM23.2019 30.7412C23.3273 30.6156 23.4829 30.5529 23.6684 30.5529C23.8536 30.5529 24.0094 30.6156 24.135 30.7412C24.2604 30.8669 24.3232 31.0222 24.3232 31.2077C24.3232 31.3936 24.2604 31.5488 24.135 31.6746C24.0094 31.8 23.8536 31.8628 23.6684 31.8628C23.4829 31.8628 23.3273 31.8 23.2019 31.6746C23.0764 31.5488 23.0137 31.3936 23.0137 31.2077C23.0137 31.0222 23.0764 30.8669 23.2019 30.7412Z"
                      fill="#040606"
                    ></path>
                    <path
                      d="M25.8191 36.2343C25.4966 36.0492 25.2462 35.7915 25.0659 35.4611C24.8857 35.1309 24.7959 34.7557 24.7959 34.3352C24.7959 33.9151 24.8857 33.5396 25.0659 33.2096C25.2462 32.8794 25.4966 32.6214 25.8191 32.4359C26.1407 32.2504 26.5095 32.1577 26.9241 32.1577C27.8628 32.1577 28.4985 32.5424 28.8316 33.3121L27.9066 33.7294C27.6939 33.3035 27.3662 33.0907 26.9241 33.0907C26.6076 33.0907 26.3457 33.2056 26.138 33.4348C25.9309 33.6635 25.8271 33.964 25.8271 34.3352C25.8271 34.7065 25.9309 35.0066 26.138 35.2355C26.3457 35.4651 26.6076 35.5796 26.9241 35.5796C27.3662 35.5796 27.6939 35.3667 27.9066 34.9413L28.8316 35.3588C28.4985 36.1282 27.8628 36.5127 26.9241 36.5127C26.5095 36.5127 26.1407 36.4202 25.8191 36.2343Z"
                      fill="#040606"
                    ></path>
                    <path
                      d="M32.1759 33.8603C32.1377 33.6203 32.0274 33.4238 31.8445 33.2713C31.6617 33.118 31.4312 33.0416 31.1528 33.0416C30.9178 33.0416 30.7076 33.1142 30.5225 33.2587C30.3369 33.4032 30.2084 33.604 30.1373 33.8603H32.1759ZM33.216 34.6624H30.0966C30.151 34.9734 30.2791 35.21 30.4814 35.371C30.6832 35.5321 30.9289 35.6123 31.2182 35.6123C31.4582 35.6123 31.6586 35.5621 31.8197 35.4611C31.981 35.3597 32.1351 35.2059 32.2824 34.9982L33.1422 35.4651C32.9345 35.8037 32.6714 36.0625 32.3517 36.2427C32.0327 36.4226 31.6357 36.5127 31.1608 36.5127C30.7133 36.5127 30.3297 36.4082 30.0106 36.1979C29.6913 35.9875 29.4525 35.7161 29.2943 35.383C29.1359 35.0503 29.0571 34.7009 29.0571 34.3352C29.0571 33.9697 29.1399 33.6203 29.3065 33.2872C29.473 32.9545 29.7145 32.6831 30.0313 32.4728C30.3476 32.2626 30.7217 32.1577 31.1528 32.1577C31.5889 32.1577 31.9631 32.2557 32.2742 32.4523C32.5852 32.6488 32.8197 32.9067 32.9782 33.226C33.1365 33.545 33.216 33.8849 33.216 34.2453V34.6624Z"
                      fill="#040606"
                    ></path>
                    <path
                      d="M9.13617 21.298H6.03734V22.8016H8.52242V24.0285H6.03734V26.0024H9.23843V27.2295H4.70801V20.0709H9.13617V21.298Z"
                      fill="#040606"
                    ></path>
                    <path
                      d="M9.25439 21.9527H10.5327L11.7802 25.4808L13.0281 21.9527H14.3065L12.3532 27.2295H11.2076L9.25439 21.9527Z"
                      fill="#040606"
                    ></path>
                    <path
                      d="M18.1491 23.9973C18.1012 23.6974 17.963 23.4521 17.7347 23.261C17.5062 23.0701 17.2182 22.9747 16.8707 22.9747C16.5772 22.9747 16.3147 23.065 16.0828 23.2456C15.8514 23.4262 15.6909 23.6768 15.6023 23.9973H18.1491ZM19.4475 24.9994H15.5513C15.6193 25.3881 15.7795 25.6829 16.032 25.884C16.284 26.0852 16.5909 26.186 16.9524 26.186C17.2521 26.186 17.5026 26.1228 17.7037 25.9966C17.9049 25.8703 18.0977 25.6779 18.2817 25.4187L19.3555 26.0018C19.0961 26.4242 18.7676 26.7483 18.3688 26.9734C17.9699 27.1981 17.4737 27.3105 16.8807 27.3105C16.3216 27.3105 15.8426 27.1794 15.4437 26.9167C15.0453 26.6544 14.7468 26.3152 14.5491 25.8993C14.3513 25.4837 14.2524 25.0473 14.2524 24.5906C14.2524 24.1337 14.3562 23.6974 14.5643 23.2816C14.7722 22.8656 15.0741 22.5264 15.4696 22.264C15.865 22.0016 16.3319 21.8703 16.8707 21.8703C17.4159 21.8703 17.8828 21.993 18.2715 22.2385C18.6601 22.4839 18.9531 22.8059 19.1509 23.2047C19.3486 23.6036 19.4475 24.028 19.4475 24.478V24.9994Z"
                      fill="#040606"
                    ></path>
                    <path
                      d="M20.1338 21.9527H21.4018V22.7501C21.5515 22.4639 21.7634 22.2458 22.036 22.0959C22.3087 21.9458 22.612 21.8709 22.9463 21.8709C23.2937 21.8709 23.5665 21.9492 23.7642 22.1059L23.3349 23.1797C23.1574 23.0845 22.9698 23.0366 22.772 23.0366C22.3767 23.0366 22.0497 23.207 21.7903 23.5478C21.5315 23.8889 21.4018 24.4139 21.4018 25.1227V27.2295H20.1338V21.9527Z"
                      fill="#040606"
                    ></path>
                    <path
                      d="M25.7172 26.9022L23.8047 21.9528H25.0831L26.3206 25.3068L27.4865 21.9528H28.7545L26.0545 29.3154H24.8275L25.7172 26.9022Z"
                      fill="#040606"
                    ></path>
                    <path
                      d="M32.1759 25.7254C32.4245 25.446 32.5493 25.0676 32.5493 24.5906C32.5493 24.1133 32.4245 23.735 32.1759 23.4553C31.9268 23.1759 31.6152 23.036 31.2402 23.036C30.865 23.036 30.5531 23.1759 30.3045 23.4553C30.0554 23.735 29.9311 24.1133 29.9311 24.5906C29.9311 25.0676 30.0554 25.446 30.3045 25.7254C30.5531 26.0054 30.865 26.1448 31.2402 26.1448C31.6152 26.1448 31.9268 26.0054 32.1759 25.7254ZM29.7573 26.9631C29.403 26.7312 29.125 26.4072 28.9239 25.9916C28.7227 25.5757 28.6221 25.1086 28.6221 24.5906C28.6221 24.0656 28.7192 23.5968 28.9136 23.1845C29.1081 22.7719 29.3789 22.4498 29.727 22.2179C30.0745 21.9864 30.4733 21.8703 30.9232 21.8703C31.2775 21.8703 31.5877 21.9335 31.8535 22.0596C32.1196 22.1857 32.3243 22.3646 32.4673 22.5963V19.9886H33.7353V27.229H32.4673V26.5947C32.317 26.8062 32.1128 26.9783 31.8535 27.1111C31.5945 27.2441 31.2878 27.3105 30.9335 27.3105C30.5042 27.3105 30.1117 27.1947 29.7573 26.9631Z"
                      fill="#040606"
                    ></path>
                    <path
                      d="M37.3676 25.9197C37.603 25.7151 37.7204 25.4631 37.7204 25.1631V25.02H36.7184C36.4252 25.02 36.1916 25.0763 36.0177 25.1887C35.844 25.3011 35.7569 25.4562 35.7569 25.654C35.7569 25.838 35.8201 25.9794 35.9462 26.0784C36.0721 26.1772 36.258 26.2267 36.5037 26.2267C36.8444 26.2267 37.1326 26.1244 37.3676 25.9197ZM35.3272 27.1267C35.0547 27.0038 34.8363 26.8247 34.6729 26.5897C34.5093 26.3544 34.4277 26.073 34.4277 25.746C34.4277 25.2278 34.6219 24.8106 35.0105 24.4933C35.3992 24.1764 35.9241 24.0177 36.5854 24.0177H37.7204V23.8336C37.7204 23.5679 37.6284 23.3549 37.4444 23.1945C37.2603 23.0344 37.0113 22.9542 36.698 22.9542C36.4455 22.9542 36.2173 23.0207 36.0129 23.1536C35.8083 23.2866 35.6546 23.4419 35.5523 23.619L34.5809 23.036C34.7649 22.7021 35.0375 22.4244 35.3992 22.2028C35.7603 21.981 36.1931 21.8703 36.698 21.8703C37.4205 21.8703 37.9827 22.0439 38.385 22.3916C38.7873 22.7395 38.9885 23.2405 38.9885 23.8952V27.229H37.9455L37.7718 26.554C37.6009 26.7859 37.3846 26.97 37.1223 27.1061C36.8595 27.2425 36.5512 27.3105 36.1969 27.3105C35.8899 27.3105 35.6003 27.2494 35.3272 27.1267Z"
                      fill="#040606"
                    ></path>
                    <path
                      d="M40.9395 26.9022L39.0273 21.9528H40.3056L41.5429 25.3068L42.7087 21.9528H43.9767L41.2772 29.3154H40.0498L40.9395 26.9022Z"
                      fill="#040606"
                    ></path>
                  </svg>
                  <p
                    class="styled__StyledBodyText-sc-119w3hf-5 ggtTyf styled__DarkGreyBodyText-sc-9yzfq2-2 lmkdDf"
                  >
                    Low Everyday Price
                  </p>
                </div>
              </div>
            </div>
          </div>
        </div>
      </div>
    </div>
  </li>
  <li class="product-list--list-item">
    <div class="styles__StyledVerticalTileWrapper-dvv1wj-0 dtCNPH">
      <div
        data-auto="product-tile"
        data-auto-type="Quantity"
        data-auto-available="true"
        data-auto-is-restricted-disabled="false"
        data-auto-is-substitute="false"
        class="styles__StyledVerticalTile-dvv1wj-1 gSCsYK"
      >
        <div class="styles__StyledTileContentWrapper-dvv1wj-2 bkNhNP beans">
          <div
            id="tile-304799614"
            data-auto-id="304799614"
            class="styles__StyledTiledContent-dvv1wj-3 bcglTg"
          >
            <a
              href="/groceries/en-GB/products/304799614"
              aria-hidden="true"
              class="product-image-wrapper"
              tabindex="1"
              ><div class="product-image__container">
                <picture
                  ><img
                    class="styled__Image-sjvkdn-0 bJErKA product-image beans-responsive-image__image"
                    src="https://digitalcontent.api.tesco.com/v2/media/ghs/82660b53-d018-4fd4-95f0-1d2253a1b642/e7fa2f6c-3b19-4807-9767-6c1cfce75f5b_569135314.jpeg?h=225&amp;w=225"
                    srcset="
                      https://digitalcontent.api.tesco.com/v2/media/ghs/82660b53-d018-4fd4-95f0-1d2253a1b642/e7fa2f6c-3b19-4807-9767-6c1cfce75f5b_569135314.jpeg?h=225&amp;w=225  768w,
                      https://digitalcontent.api.tesco.com/v2/media/ghs/82660b53-d018-4fd4-95f0-1d2253a1b642/e7fa2f6c-3b19-4807-9767-6c1cfce75f5b_569135314.jpeg?h=225&amp;w=225 4000w
                    "
                    alt="Ocean Spray Seafood Sauce 210G"
                /></picture></div
            ></a>
            <div class="product-details--wrapper">
              <h3 class="styles__H3-oa5soe-0 bCKNNq">
                <a
                  href="/groceries/en-GB/products/304799614"
                  class="styled__Anchor-sc-1xbujuz-0 csVOnh beans-link__anchor"
                  data-auto="product-tile--title"
                  ><span
                    class="styled__Text-sc-1xbujuz-1 ldbwMG beans-link__text"
                    >Ocean Spray Seafood Sauce 210G</span
                  ></a
                >
              </h3>
              <div
                class="styles__StyledPromotionsAboveMobile-dvv1wj-7 iPTMuo"
              ></div>
              <div class="styles__StyledProductDetailsContent-dvv1wj-5 ddRSrq">
                <a
                  href="/groceries/en-GB/reviews/submission/304799614?from=%2Fsearch%3Fquery%3Dseafood"
                  aria-label="Write a review for Ocean Spray Seafood Sauce 210G"
                  class="styled__Anchor-sc-1xbujuz-0 jSzuDt write-a-review-link beans-link__anchor"
                  data-auto="review-link"
                  ><span
                    class="styled__Text-sc-1xbujuz-1 fyDIEo beans-link__text"
                    >Write a review</span
                  ><span
                    class="styled__IconContainer-sc-1xbujuz-2 bSauSL beans-link__icon-container"
                    ><svg
                      aria-hidden="true"
                      class="styled__SVG-xxa4wh-1 hQMCqc beans-link__icon beans-icon__svg"
                      height="13.33"
                      preserveAspectRatio="xMinYMax meet"
                      viewBox="-1 0 12 20"
                      width="8"
                      xmlns="http://www.w3.org/2000/svg"
                      color="currentColor"
                    >
                      <path
                        d="M1.312 1.348L10.276 10l-8.964 8.644"
                        fill="none"
                        stroke="currentColor"
                      ></path></svg></span
                ></a>
                <div>
                  <a
                    href="/groceries/en-GB/shop/food-cupboard/table-sauces-olives-pickles-and-chutney/condiments-worcestershire-and-soy-sauce/seafood-sauce"
                    class="styled__Anchor-sc-1xbujuz-0 jSzuDt rest-of-shelf-link beans-link__anchor"
                    data-auto="rest-of-shelf-link"
                    ><span
                      class="styled__Text-sc-1xbujuz-1 fyDIEo beans-link__text"
                      >Rest of
                      <span class="visually-hidden">Seafood Sauce</span>
                      shelf</span
                    ><span
                      class="styled__IconContainer-sc-1xbujuz-2 bSauSL beans-link__icon-container"
                      ><svg
                        aria-hidden="true"
                        class="styled__SVG-xxa4wh-1 hQMCqc beans-link__icon beans-icon__svg"
                        height="13.33"
                        preserveAspectRatio="xMinYMax meet"
                        viewBox="-1 0 12 20"
                        width="8"
                        xmlns="http://www.w3.org/2000/svg"
                        color="currentColor"
                      >
                        <path
                          d="M1.312 1.348L10.276 10l-8.964 8.644"
                          fill="none"
                          stroke="currentColor"
                        ></path></svg></span
                  ></a>
                </div>
                <div class="product-info-message-section">
                  <div class="product-info-message-list"></div>
                </div>
              </div>
              <div class="styles__StyledBuyBoxWrapper-dvv1wj-4 dSvjUC">
                <div
                  class="styles__StyledBuyBoxContainer-sc-1wx0qp6-0 erryje"
                  data-auto="buybox-container"
                >
                  <div class="styles__SafeFormWrapper-jtpu2t-0 lcrYKS">
                    <form
                      action="/groceries/en-GB/trolley/items/304799614?_method=PUT"
                      method="POST"
                    >
                      <input type="submit" class="hidden" /><input
                        type="hidden"
                        name="id"
                        value="304799614"
                      /><input
                        type="hidden"
                        name="identifier"
                        value="Page"
                      /><input
                        type="hidden"
                        name="anchorId"
                        value="#tile-304799614"
                      /><input
                        type="hidden"
                        name="returnUrl"
                        value="/groceries/en-GB/search?query=seafood&amp;redirectIfUnavailable=true#tile-304799614"
                      /><input type="hidden" name="backToUrl" value="#" /><input
                        type="hidden"
                        name="oldValue"
                        value="0"
                      /><input
                        type="hidden"
                        name="oldUnitChoice"
                        value="pcs"
                      /><input type="hidden" name="newUnitChoice" value="pcs" />
                      <div
                        class="base-components__RootElement-sc-1mosoyj-1 styled__Container-sc-6nhkzi-0 jptQqM hSNpTb beans-buybox__container"
                      >
                        <div
                          class="base-components__BaseElement-sc-1mosoyj-0 styled__PriceAndActions-sc-6nhkzi-3 oznwo eEPLov beans-buybox__price-and-actions"
                        >
                          <div
                            class="base-components__RootElement-sc-1mosoyj-1 styled__Container-sc-8qlq5b-0 jptQqM bgZrjw styled__StyledPrice-sc-6nhkzi-5 iYHeik beans-buybox__price beans-price__container"
                          >
                            <p
                              class="styled__StyledHeading-sc-119w3hf-2 jWPEtj styled__Text-sc-8qlq5b-1 lnaeiZ beans-price__text"
                            >
                              £1.55
                            </p>
                            <p
                              class="styled__StyledFootnote-sc-119w3hf-7 icrlVF styled__Subtext-sc-8qlq5b-2 bNJmdc beans-price__subtext"
                            >
                              £0.74/100g
                            </p>
                          </div>
                          <div
                            class="base-components__RootElement-sc-1mosoyj-1 styled__Container-vtxwzb-0 jptQqM bDFhXJ beans-buybox__actions beans-quantity-controls__container"
                          >
                            <div
                              class="base-components__RootElement-sc-1mosoyj-1 styled__Container-sc-16t2b2a-0 jptQqM PUfgZ styled__StyledFormGroup-vtxwzb-1 kzKuAr beans-quantity-controls__form-group beans-form-group__container"
                            >
                              <label
                                class="styled__StyledLabel-sc-1ttuvhr-0 izGEjV beans-form-group__label beans-label"
                                for="quantity-controls-304799614"
                                >Quantity controls<!-- -->
                              </label>
                              <div
                                class="base-components__BaseElement-sc-1mosoyj-0 styled__Children-sc-16t2b2a-3 oznwo gdJvjO beans-form-group__children"
                              >
                                <div
                                  class="styled__StyledQuantityControlWrapper-vtxwzb-6 LCxOg"
                                >
                                  <label
                                    id="quantity-controls-304799614-label"
                                    class="styled__VisuallyHiddenLabel-vtxwzb-7 gXlLiM"
                                    >Quantity of Ocean Spray Seafood Sauce
                                    210G</label
                                  >
                                  <div
                                    class="component__Wrapper-sc-1kpmik-3 dReplG input-wrapper"
                                  >
                                    <input
                                      type="number"
                                      class="base-components__RootElement-sc-1mosoyj-1 styled__StyledInput-sc-1jd5f57-0 component__StyledAsInput-sc-1kpmik-4 jptQqM eJLlow styled__StyledInput-vtxwzb-3 lwMHo beans-quantity-controls__input beans-input"
                                      data-auto="beans-quantity-controls-input"
                                      autocomplete="off"
                                      id="quantity-controls-304799614"
                                      maxlength="2"
                                      name="newValue"
                                      aria-labelledby="quantity-controls-304799614-label"
                                      value="1"
                                    />
                                  </div>
                                </div>
                                <button
                                  class="styled__BaseButton-rsekm1-0 styled__PrimaryButton-rsekm1-2 jChbeY geeWOF styled__StyledButton-vtxwzb-5 japAxb beans-quantity-controls__add-button beans-button__container"
                                  type="submit"
                                  data-auto="beans-quantity-controls-add-button"
                                  aria-label="Quantity of Ocean Spray Seafood Sauce 210G"
                                >
                                  <span
                                    class="base-components__BaseElement-sc-1mosoyj-0 styled__InnerContainer-rsekm1-1 oznwo fuFres beans-button__inner-container"
                                    ><span
                                      class="base-components__BaseElement-sc-1mosoyj-0 styled__TextSpan-rsekm1-4 oznwo GDiMp beans-button__text"
                                      >Add</span
                                    ></span
                                  >
                                </button>
                              </div>
                            </div>
                          </div>
                        </div>
                      </div>
                      <input
                        type="hidden"
                        name="_csrf"
                        value="BeMqcJBE-zCJWuNH91oq73jFXs7WkHUAPSZM"
                      />
                    </form>
                  </div>
                </div>
              </div>
            </div>
            <div class="hidden-medium product-info-section-small">
              <div class="product-info-message-list"></div>
            </div>
          </div>
        </div>
      </div>
    </div>
  </li>
  <li class="product-list--list-item">
    <div class="styles__StyledVerticalTileWrapper-dvv1wj-0 dtCNPH">
      <div
        data-auto="product-tile"
        data-auto-type="Quantity"
        data-auto-available="true"
        data-auto-is-restricted-disabled="false"
        data-auto-is-substitute="false"
        class="styles__StyledVerticalTile-dvv1wj-1 gSCsYK"
      >
        <div class="styles__StyledTileContentWrapper-dvv1wj-2 bkNhNP beans">
          <div
            id="tile-310696257"
            data-auto-id="310696257"
            class="styles__StyledTiledContent-dvv1wj-3 bcglTg"
          >
            <a
              href="/groceries/en-GB/products/310696257"
              aria-hidden="true"
              class="product-image-wrapper"
              tabindex="1"
              ><div class="product-image__container">
                <picture
                  ><img
                    class="styled__Image-sjvkdn-0 bJErKA product-image beans-responsive-image__image"
                    src="https://digitalcontent.api.tesco.com/v2/media/ghs/cf8f2abd-e656-439e-952b-515ca94dd0c3/a21b9bbe-75c4-4343-b349-500f432f368b.jpeg?h=225&amp;w=225"
                    srcset="
                      https://digitalcontent.api.tesco.com/v2/media/ghs/cf8f2abd-e656-439e-952b-515ca94dd0c3/a21b9bbe-75c4-4343-b349-500f432f368b.jpeg?h=225&amp;w=225  768w,
                      https://digitalcontent.api.tesco.com/v2/media/ghs/cf8f2abd-e656-439e-952b-515ca94dd0c3/a21b9bbe-75c4-4343-b349-500f432f368b.jpeg?h=225&amp;w=225 4000w
                    "
                    alt="Whitby Seafoods Whole Scampi Gluten Free 220G"
                /></picture></div
            ></a>
            <div class="product-details--wrapper">
              <h3 class="styles__H3-oa5soe-0 bCKNNq">
                <a
                  href="/groceries/en-GB/products/310696257"
                  class="styled__Anchor-sc-1xbujuz-0 csVOnh beans-link__anchor"
                  data-auto="product-tile--title"
                  ><span
                    class="styled__Text-sc-1xbujuz-1 ldbwMG beans-link__text"
                    >Whitby Seafoods Whole Scampi Gluten Free 220G</span
                  ></a
                >
              </h3>
              <div
                class="styles__StyledPromotionsAboveMobile-dvv1wj-7 iPTMuo"
              ></div>
              <div class="styles__StyledProductDetailsContent-dvv1wj-5 ddRSrq">
                <a
                  href="/groceries/en-GB/reviews/submission/310696257?from=%2Fsearch%3Fquery%3Dseafood"
                  aria-label="Write a review for Whitby Seafoods Whole Scampi Gluten Free 220G"
                  class="styled__Anchor-sc-1xbujuz-0 jSzuDt write-a-review-link beans-link__anchor"
                  data-auto="review-link"
                  ><span
                    class="styled__Text-sc-1xbujuz-1 fyDIEo beans-link__text"
                    >Write a review</span
                  ><span
                    class="styled__IconContainer-sc-1xbujuz-2 bSauSL beans-link__icon-container"
                    ><svg
                      aria-hidden="true"
                      class="styled__SVG-xxa4wh-1 hQMCqc beans-link__icon beans-icon__svg"
                      height="13.33"
                      preserveAspectRatio="xMinYMax meet"
                      viewBox="-1 0 12 20"
                      width="8"
                      xmlns="http://www.w3.org/2000/svg"
                      color="currentColor"
                    >
                      <path
                        d="M1.312 1.348L10.276 10l-8.964 8.644"
                        fill="none"
                        stroke="currentColor"
                      ></path></svg></span
                ></a>
                <div>
                  <a
                    href="/groceries/en-GB/shop/frozen-food/frozen-free-from/frozen-gluten-free/frozen-gluten-free-meat-poultry-and-fish"
                    class="styled__Anchor-sc-1xbujuz-0 jSzuDt rest-of-shelf-link beans-link__anchor"
                    data-auto="rest-of-shelf-link"
                    ><span
                      class="styled__Text-sc-1xbujuz-1 fyDIEo beans-link__text"
                      >Rest of
                      <span class="visually-hidden"
                        >Frozen Gluten Free Meat, Poultry &amp; Fish</span
                      >
                      shelf</span
                    ><span
                      class="styled__IconContainer-sc-1xbujuz-2 bSauSL beans-link__icon-container"
                      ><svg
                        aria-hidden="true"
                        class="styled__SVG-xxa4wh-1 hQMCqc beans-link__icon beans-icon__svg"
                        height="13.33"
                        preserveAspectRatio="xMinYMax meet"
                        viewBox="-1 0 12 20"
                        width="8"
                        xmlns="http://www.w3.org/2000/svg"
                        color="currentColor"
                      >
                        <path
                          d="M1.312 1.348L10.276 10l-8.964 8.644"
                          fill="none"
                          stroke="currentColor"
                        ></path></svg></span
                  ></a>
                </div>
                <div class="product-info-message-section">
                  <div class="product-info-message-list"></div>
                </div>
              </div>
              <div class="styles__StyledBuyBoxWrapper-dvv1wj-4 dSvjUC">
                <div
                  class="styles__StyledBuyBoxContainer-sc-1wx0qp6-0 erryje"
                  data-auto="buybox-container"
                >
                  <div class="styles__SafeFormWrapper-jtpu2t-0 lcrYKS">
                    <form
                      action="/groceries/en-GB/trolley/items/310696257?_method=PUT"
                      method="POST"
                    >
                      <input type="submit" class="hidden" /><input
                        type="hidden"
                        name="id"
                        value="310696257"
                      /><input
                        type="hidden"
                        name="identifier"
                        value="Page"
                      /><input
                        type="hidden"
                        name="anchorId"
                        value="#tile-310696257"
                      /><input
                        type="hidden"
                        name="returnUrl"
                        value="/groceries/en-GB/search?query=seafood&amp;redirectIfUnavailable=true#tile-310696257"
                      /><input type="hidden" name="backToUrl" value="#" /><input
                        type="hidden"
                        name="oldValue"
                        value="0"
                      /><input
                        type="hidden"
                        name="oldUnitChoice"
                        value="pcs"
                      /><input type="hidden" name="newUnitChoice" value="pcs" />
                      <div
                        class="base-components__RootElement-sc-1mosoyj-1 styled__Container-sc-6nhkzi-0 jptQqM hSNpTb beans-buybox__container"
                      >
                        <div
                          class="base-components__BaseElement-sc-1mosoyj-0 styled__PriceAndActions-sc-6nhkzi-3 oznwo eEPLov beans-buybox__price-and-actions"
                        >
                          <div
                            class="base-components__RootElement-sc-1mosoyj-1 styled__Container-sc-8qlq5b-0 jptQqM bgZrjw styled__StyledPrice-sc-6nhkzi-5 iYHeik beans-buybox__price beans-price__container"
                          >
                            <p
                              class="styled__StyledHeading-sc-119w3hf-2 jWPEtj styled__Text-sc-8qlq5b-1 lnaeiZ beans-price__text"
                            >
                              £3.50
                            </p>
                            <p
                              class="styled__StyledFootnote-sc-119w3hf-7 icrlVF styled__Subtext-sc-8qlq5b-2 bNJmdc beans-price__subtext"
                            >
                              £15.91/kg
                            </p>
                          </div>
                          <div
                            class="base-components__RootElement-sc-1mosoyj-1 styled__Container-vtxwzb-0 jptQqM bDFhXJ beans-buybox__actions beans-quantity-controls__container"
                          >
                            <div
                              class="base-components__RootElement-sc-1mosoyj-1 styled__Container-sc-16t2b2a-0 jptQqM PUfgZ styled__StyledFormGroup-vtxwzb-1 kzKuAr beans-quantity-controls__form-group beans-form-group__container"
                            >
                              <label
                                class="styled__StyledLabel-sc-1ttuvhr-0 izGEjV beans-form-group__label beans-label"
                                for="quantity-controls-310696257"
                                >Quantity controls<!-- -->
                              </label>
                              <div
                                class="base-components__BaseElement-sc-1mosoyj-0 styled__Children-sc-16t2b2a-3 oznwo gdJvjO beans-form-group__children"
                              >
                                <div
                                  class="styled__StyledQuantityControlWrapper-vtxwzb-6 LCxOg"
                                >
                                  <label
                                    id="quantity-controls-310696257-label"
                                    class="styled__VisuallyHiddenLabel-vtxwzb-7 gXlLiM"
                                    >Quantity of Whitby Seafoods Whole Scampi
                                    Gluten Free 220G</label
                                  >
                                  <div
                                    class="component__Wrapper-sc-1kpmik-3 dReplG input-wrapper"
                                  >
                                    <input
                                      type="number"
                                      class="base-components__RootElement-sc-1mosoyj-1 styled__StyledInput-sc-1jd5f57-0 component__StyledAsInput-sc-1kpmik-4 jptQqM eJLlow styled__StyledInput-vtxwzb-3 lwMHo beans-quantity-controls__input beans-input"
                                      data-auto="beans-quantity-controls-input"
                                      autocomplete="off"
                                      id="quantity-controls-310696257"
                                      maxlength="2"
                                      name="newValue"
                                      aria-labelledby="quantity-controls-310696257-label"
                                      value="1"
                                    />
                                  </div>
                                </div>
                                <button
                                  class="styled__BaseButton-rsekm1-0 styled__PrimaryButton-rsekm1-2 jChbeY geeWOF styled__StyledButton-vtxwzb-5 japAxb beans-quantity-controls__add-button beans-button__container"
                                  type="submit"
                                  data-auto="beans-quantity-controls-add-button"
                                  aria-label="Quantity of Whitby Seafoods Whole Scampi Gluten Free 220G"
                                >
                                  <span
                                    class="base-components__BaseElement-sc-1mosoyj-0 styled__InnerContainer-rsekm1-1 oznwo fuFres beans-button__inner-container"
                                    ><span
                                      class="base-components__BaseElement-sc-1mosoyj-0 styled__TextSpan-rsekm1-4 oznwo GDiMp beans-button__text"
                                      >Add</span
                                    ></span
                                  >
                                </button>
                              </div>
                            </div>
                          </div>
                        </div>
                      </div>
                      <input
                        type="hidden"
                        name="_csrf"
                        value="BeMqcJBE-zCJWuNH91oq73jFXs7WkHUAPSZM"
                      />
                    </form>
                  </div>
                </div>
              </div>
            </div>
            <div class="hidden-medium product-info-section-small">
              <div class="product-info-message-list"></div>
            </div>
          </div>
        </div>
      </div>
    </div>
  </li>
  <li class="product-list--list-item">
    <div class="styles__StyledVerticalTileWrapper-dvv1wj-0 dtCNPH">
      <div
        data-auto="product-tile"
        data-auto-type="Quantity"
        data-auto-available="true"
        data-auto-is-restricted-disabled="false"
        data-auto-is-substitute="false"
        class="styles__StyledVerticalTile-dvv1wj-1 gSCsYK"
      >
        <div class="styles__StyledTileContentWrapper-dvv1wj-2 bkNhNP beans">
          <div
            id="tile-312084313"
            data-auto-id="312084313"
            class="styles__StyledTiledContent-dvv1wj-3 bcglTg"
          >
            <a
              href="/groceries/en-GB/products/312084313"
              aria-hidden="true"
              class="product-image-wrapper"
              tabindex="1"
              ><div class="product-image__container">
                <picture
                  ><img
                    class="styled__Image-sjvkdn-0 bJErKA product-image beans-responsive-image__image"
                    src="https://digitalcontent.api.tesco.com/v2/media/ghs/5792a53c-f3a3-4dbb-98a7-7feccbedf148/f950419a-3438-4398-8254-f1c5ac5cbbee.jpeg?h=225&amp;w=225"
                    srcset="
                      https://digitalcontent.api.tesco.com/v2/media/ghs/5792a53c-f3a3-4dbb-98a7-7feccbedf148/f950419a-3438-4398-8254-f1c5ac5cbbee.jpeg?h=225&amp;w=225  768w,
                      https://digitalcontent.api.tesco.com/v2/media/ghs/5792a53c-f3a3-4dbb-98a7-7feccbedf148/f950419a-3438-4398-8254-f1c5ac5cbbee.jpeg?h=225&amp;w=225 4000w
                    "
                    alt="Whitby Seafoods Gluten Free Cod Goujons 250G"
                /></picture></div
            ></a>
            <div class="product-details--wrapper">
              <h3 class="styles__H3-oa5soe-0 bCKNNq">
                <a
                  href="/groceries/en-GB/products/312084313"
                  class="styled__Anchor-sc-1xbujuz-0 csVOnh beans-link__anchor"
                  data-auto="product-tile--title"
                  ><span
                    class="styled__Text-sc-1xbujuz-1 ldbwMG beans-link__text"
                    >Whitby Seafoods Gluten Free Cod Goujons 250G</span
                  ></a
                >
              </h3>
              <div
                class="styles__StyledPromotionsAboveMobile-dvv1wj-7 iPTMuo"
              ></div>
              <div class="styles__StyledProductDetailsContent-dvv1wj-5 ddRSrq">
                <a
                  href="/groceries/en-GB/reviews/submission/312084313?from=%2Fsearch%3Fquery%3Dseafood"
                  aria-label="Write a review for Whitby Seafoods Gluten Free Cod Goujons 250G"
                  class="styled__Anchor-sc-1xbujuz-0 jSzuDt write-a-review-link beans-link__anchor"
                  data-auto="review-link"
                  ><span
                    class="styled__Text-sc-1xbujuz-1 fyDIEo beans-link__text"
                    >Write a review</span
                  ><span
                    class="styled__IconContainer-sc-1xbujuz-2 bSauSL beans-link__icon-container"
                    ><svg
                      aria-hidden="true"
                      class="styled__SVG-xxa4wh-1 hQMCqc beans-link__icon beans-icon__svg"
                      height="13.33"
                      preserveAspectRatio="xMinYMax meet"
                      viewBox="-1 0 12 20"
                      width="8"
                      xmlns="http://www.w3.org/2000/svg"
                      color="currentColor"
                    >
                      <path
                        d="M1.312 1.348L10.276 10l-8.964 8.644"
                        fill="none"
                        stroke="currentColor"
                      ></path></svg></span
                ></a>
                <div>
                  <a
                    href="/groceries/en-GB/shop/frozen-food/frozen-free-from/frozen-gluten-free/frozen-gluten-free-meat-poultry-and-fish"
                    class="styled__Anchor-sc-1xbujuz-0 jSzuDt rest-of-shelf-link beans-link__anchor"
                    data-auto="rest-of-shelf-link"
                    ><span
                      class="styled__Text-sc-1xbujuz-1 fyDIEo beans-link__text"
                      >Rest of
                      <span class="visually-hidden"
                        >Frozen Gluten Free Meat, Poultry &amp; Fish</span
                      >
                      shelf</span
                    ><span
                      class="styled__IconContainer-sc-1xbujuz-2 bSauSL beans-link__icon-container"
                      ><svg
                        aria-hidden="true"
                        class="styled__SVG-xxa4wh-1 hQMCqc beans-link__icon beans-icon__svg"
                        height="13.33"
                        preserveAspectRatio="xMinYMax meet"
                        viewBox="-1 0 12 20"
                        width="8"
                        xmlns="http://www.w3.org/2000/svg"
                        color="currentColor"
                      >
                        <path
                          d="M1.312 1.348L10.276 10l-8.964 8.644"
                          fill="none"
                          stroke="currentColor"
                        ></path></svg></span
                  ></a>
                </div>
                <div class="product-info-message-section">
                  <div class="product-info-message-list"></div>
                </div>
              </div>
              <div class="styles__StyledBuyBoxWrapper-dvv1wj-4 dSvjUC">
                <div
                  class="styles__StyledBuyBoxContainer-sc-1wx0qp6-0 erryje"
                  data-auto="buybox-container"
                >
                  <div class="styles__SafeFormWrapper-jtpu2t-0 lcrYKS">
                    <form
                      action="/groceries/en-GB/trolley/items/312084313?_method=PUT"
                      method="POST"
                    >
                      <input type="submit" class="hidden" /><input
                        type="hidden"
                        name="id"
                        value="312084313"
                      /><input
                        type="hidden"
                        name="identifier"
                        value="Page"
                      /><input
                        type="hidden"
                        name="anchorId"
                        value="#tile-312084313"
                      /><input
                        type="hidden"
                        name="returnUrl"
                        value="/groceries/en-GB/search?query=seafood&amp;redirectIfUnavailable=true#tile-312084313"
                      /><input type="hidden" name="backToUrl" value="#" /><input
                        type="hidden"
                        name="oldValue"
                        value="0"
                      /><input
                        type="hidden"
                        name="oldUnitChoice"
                        value="pcs"
                      /><input type="hidden" name="newUnitChoice" value="pcs" />
                      <div
                        class="base-components__RootElement-sc-1mosoyj-1 styled__Container-sc-6nhkzi-0 jptQqM hSNpTb beans-buybox__container"
                      >
                        <div
                          class="base-components__BaseElement-sc-1mosoyj-0 styled__PriceAndActions-sc-6nhkzi-3 oznwo eEPLov beans-buybox__price-and-actions"
                        >
                          <div
                            class="base-components__RootElement-sc-1mosoyj-1 styled__Container-sc-8qlq5b-0 jptQqM bgZrjw styled__StyledPrice-sc-6nhkzi-5 iYHeik beans-buybox__price beans-price__container"
                          >
                            <p
                              class="styled__StyledHeading-sc-119w3hf-2 jWPEtj styled__Text-sc-8qlq5b-1 lnaeiZ beans-price__text"
                            >
                              £3.00
                            </p>
                            <p
                              class="styled__StyledFootnote-sc-119w3hf-7 icrlVF styled__Subtext-sc-8qlq5b-2 bNJmdc beans-price__subtext"
                            >
                              £12.00/kg
                            </p>
                          </div>
                          <div
                            class="base-components__RootElement-sc-1mosoyj-1 styled__Container-vtxwzb-0 jptQqM bDFhXJ beans-buybox__actions beans-quantity-controls__container"
                          >
                            <div
                              class="base-components__RootElement-sc-1mosoyj-1 styled__Container-sc-16t2b2a-0 jptQqM PUfgZ styled__StyledFormGroup-vtxwzb-1 kzKuAr beans-quantity-controls__form-group beans-form-group__container"
                            >
                              <label
                                class="styled__StyledLabel-sc-1ttuvhr-0 izGEjV beans-form-group__label beans-label"
                                for="quantity-controls-312084313"
                                >Quantity controls<!-- -->
                              </label>
                              <div
                                class="base-components__BaseElement-sc-1mosoyj-0 styled__Children-sc-16t2b2a-3 oznwo gdJvjO beans-form-group__children"
                              >
                                <div
                                  class="styled__StyledQuantityControlWrapper-vtxwzb-6 LCxOg"
                                >
                                  <label
                                    id="quantity-controls-312084313-label"
                                    class="styled__VisuallyHiddenLabel-vtxwzb-7 gXlLiM"
                                    >Quantity of Whitby Seafoods Gluten Free Cod
                                    Goujons 250G</label
                                  >
                                  <div
                                    class="component__Wrapper-sc-1kpmik-3 dReplG input-wrapper"
                                  >
                                    <input
                                      type="number"
                                      class="base-components__RootElement-sc-1mosoyj-1 styled__StyledInput-sc-1jd5f57-0 component__StyledAsInput-sc-1kpmik-4 jptQqM eJLlow styled__StyledInput-vtxwzb-3 lwMHo beans-quantity-controls__input beans-input"
                                      data-auto="beans-quantity-controls-input"
                                      autocomplete="off"
                                      id="quantity-controls-312084313"
                                      maxlength="2"
                                      name="newValue"
                                      aria-labelledby="quantity-controls-312084313-label"
                                      value="1"
                                    />
                                  </div>
                                </div>
                                <button
                                  class="styled__BaseButton-rsekm1-0 styled__PrimaryButton-rsekm1-2 jChbeY geeWOF styled__StyledButton-vtxwzb-5 japAxb beans-quantity-controls__add-button beans-button__container"
                                  type="submit"
                                  data-auto="beans-quantity-controls-add-button"
                                  aria-label="Quantity of Whitby Seafoods Gluten Free Cod Goujons 250G"
                                >
                                  <span
                                    class="base-components__BaseElement-sc-1mosoyj-0 styled__InnerContainer-rsekm1-1 oznwo fuFres beans-button__inner-container"
                                    ><span
                                      class="base-components__BaseElement-sc-1mosoyj-0 styled__TextSpan-rsekm1-4 oznwo GDiMp beans-button__text"
                                      >Add</span
                                    ></span
                                  >
                                </button>
                              </div>
                            </div>
                          </div>
                        </div>
                      </div>
                      <input
                        type="hidden"
                        name="_csrf"
                        value="BeMqcJBE-zCJWuNH91oq73jFXs7WkHUAPSZM"
                      />
                    </form>
                  </div>
                </div>
              </div>
            </div>
            <div class="hidden-medium product-info-section-small">
              <div class="product-info-message-list"></div>
            </div>
          </div>
        </div>
      </div>
    </div>
  </li>
  <li class="product-list--list-item">
    <div class="styles__StyledVerticalTileWrapper-dvv1wj-0 dtCNPH">
      <div
        data-auto="product-tile"
        data-auto-type="Quantity"
        data-auto-available="true"
        data-auto-is-restricted-disabled="false"
        data-auto-is-substitute="false"
        class="styles__StyledVerticalTile-dvv1wj-1 gSCsYK"
      >
        <div class="styles__StyledTileContentWrapper-dvv1wj-2 bkNhNP beans">
          <div
            id="tile-306930957"
            data-auto-id="306930957"
            class="styles__StyledTiledContent-dvv1wj-3 bcglTg"
          >
            <a
              href="/groceries/en-GB/products/306930957"
              aria-hidden="true"
              class="product-image-wrapper"
              tabindex="1"
              ><div class="product-image__container">
                <picture
                  ><img
                    class="styled__Image-sjvkdn-0 bJErKA product-image beans-responsive-image__image"
                    src="https://digitalcontent.api.tesco.com/v2/media/ghs/88f7ff10-2e4a-4494-bb45-f3d4ace39bdc/snapshotimagehandler_1868853498.jpeg?h=225&amp;w=225"
                    srcset="
                      https://digitalcontent.api.tesco.com/v2/media/ghs/88f7ff10-2e4a-4494-bb45-f3d4ace39bdc/snapshotimagehandler_1868853498.jpeg?h=225&amp;w=225  768w,
                      https://digitalcontent.api.tesco.com/v2/media/ghs/88f7ff10-2e4a-4494-bb45-f3d4ace39bdc/snapshotimagehandler_1868853498.jpeg?h=225&amp;w=225 4000w
                    "
                    alt="Tesco Finest Cantabrian Anchovy Fillets 50G"
                /></picture></div
            ></a>
            <div class="product-details--wrapper">
              <h3 class="styles__H3-oa5soe-0 bCKNNq">
                <a
                  href="/groceries/en-GB/products/306930957"
                  class="styled__Anchor-sc-1xbujuz-0 csVOnh beans-link__anchor"
                  data-auto="product-tile--title"
                  ><span
                    class="styled__Text-sc-1xbujuz-1 ldbwMG beans-link__text"
                    >Tesco Finest Cantabrian Anchovy Fillets 50G</span
                  ></a
                >
              </h3>
              <div
                class="styles__StyledPromotionsAboveMobile-dvv1wj-7 iPTMuo"
              ></div>
              <div class="styles__StyledProductDetailsContent-dvv1wj-5 ddRSrq">
                <a
                  href="/groceries/en-GB/reviews/submission/306930957?from=%2Fsearch%3Fquery%3Dseafood"
                  aria-label="Write a review for Tesco Finest Cantabrian Anchovy Fillets 50G"
                  class="styled__Anchor-sc-1xbujuz-0 jSzuDt write-a-review-link beans-link__anchor"
                  data-auto="review-link"
                  ><span
                    class="styled__Text-sc-1xbujuz-1 fyDIEo beans-link__text"
                    >Write a review</span
                  ><span
                    class="styled__IconContainer-sc-1xbujuz-2 bSauSL beans-link__icon-container"
                    ><svg
                      aria-hidden="true"
                      class="styled__SVG-xxa4wh-1 hQMCqc beans-link__icon beans-icon__svg"
                      height="13.33"
                      preserveAspectRatio="xMinYMax meet"
                      viewBox="-1 0 12 20"
                      width="8"
                      xmlns="http://www.w3.org/2000/svg"
                      color="currentColor"
                    >
                      <path
                        d="M1.312 1.348L10.276 10l-8.964 8.644"
                        fill="none"
                        stroke="currentColor"
                      ></path></svg></span
                ></a>
                <div>
                  <a
                    href="/groceries/en-GB/shop/food-cupboard/tins-cans-and-packets/tinned-fish-and-seafood/tinned-seafood"
                    class="styled__Anchor-sc-1xbujuz-0 jSzuDt rest-of-shelf-link beans-link__anchor"
                    data-auto="rest-of-shelf-link"
                    ><span
                      class="styled__Text-sc-1xbujuz-1 fyDIEo beans-link__text"
                      >Rest of
                      <span class="visually-hidden">Tinned Seafood</span>
                      shelf</span
                    ><span
                      class="styled__IconContainer-sc-1xbujuz-2 bSauSL beans-link__icon-container"
                      ><svg
                        aria-hidden="true"
                        class="styled__SVG-xxa4wh-1 hQMCqc beans-link__icon beans-icon__svg"
                        height="13.33"
                        preserveAspectRatio="xMinYMax meet"
                        viewBox="-1 0 12 20"
                        width="8"
                        xmlns="http://www.w3.org/2000/svg"
                        color="currentColor"
                      >
                        <path
                          d="M1.312 1.348L10.276 10l-8.964 8.644"
                          fill="none"
                          stroke="currentColor"
                        ></path></svg></span
                  ></a>
                </div>
                <div class="product-info-message-section">
                  <div class="product-info-message-list"></div>
                </div>
              </div>
              <div class="styles__StyledBuyBoxWrapper-dvv1wj-4 dSvjUC">
                <div
                  class="styles__StyledBuyBoxContainer-sc-1wx0qp6-0 erryje"
                  data-auto="buybox-container"
                >
                  <div class="styles__SafeFormWrapper-jtpu2t-0 lcrYKS">
                    <form
                      action="/groceries/en-GB/trolley/items/306930957?_method=PUT"
                      method="POST"
                    >
                      <input type="submit" class="hidden" /><input
                        type="hidden"
                        name="id"
                        value="306930957"
                      /><input
                        type="hidden"
                        name="identifier"
                        value="Page"
                      /><input
                        type="hidden"
                        name="anchorId"
                        value="#tile-306930957"
                      /><input
                        type="hidden"
                        name="returnUrl"
                        value="/groceries/en-GB/search?query=seafood&amp;redirectIfUnavailable=true#tile-306930957"
                      /><input type="hidden" name="backToUrl" value="#" /><input
                        type="hidden"
                        name="oldValue"
                        value="0"
                      /><input
                        type="hidden"
                        name="oldUnitChoice"
                        value="pcs"
                      /><input type="hidden" name="newUnitChoice" value="pcs" />
                      <div
                        class="base-components__RootElement-sc-1mosoyj-1 styled__Container-sc-6nhkzi-0 jptQqM hSNpTb beans-buybox__container"
                      >
                        <div
                          class="base-components__BaseElement-sc-1mosoyj-0 styled__PriceAndActions-sc-6nhkzi-3 oznwo eEPLov beans-buybox__price-and-actions"
                        >
                          <div
                            class="base-components__RootElement-sc-1mosoyj-1 styled__Container-sc-8qlq5b-0 jptQqM bgZrjw styled__StyledPrice-sc-6nhkzi-5 iYHeik beans-buybox__price beans-price__container"
                          >
                            <p
                              class="styled__StyledHeading-sc-119w3hf-2 jWPEtj styled__Text-sc-8qlq5b-1 lnaeiZ beans-price__text"
                            >
                              £1.65
                            </p>
                            <p
                              class="styled__StyledFootnote-sc-119w3hf-7 icrlVF styled__Subtext-sc-8qlq5b-2 bNJmdc beans-price__subtext"
                            >
                              £5.50/100g DR.WT
                            </p>
                          </div>
                          <div
                            class="base-components__RootElement-sc-1mosoyj-1 styled__Container-vtxwzb-0 jptQqM bDFhXJ beans-buybox__actions beans-quantity-controls__container"
                          >
                            <div
                              class="base-components__RootElement-sc-1mosoyj-1 styled__Container-sc-16t2b2a-0 jptQqM PUfgZ styled__StyledFormGroup-vtxwzb-1 kzKuAr beans-quantity-controls__form-group beans-form-group__container"
                            >
                              <label
                                class="styled__StyledLabel-sc-1ttuvhr-0 izGEjV beans-form-group__label beans-label"
                                for="quantity-controls-306930957"
                                >Quantity controls<!-- -->
                              </label>
                              <div
                                class="base-components__BaseElement-sc-1mosoyj-0 styled__Children-sc-16t2b2a-3 oznwo gdJvjO beans-form-group__children"
                              >
                                <div
                                  class="styled__StyledQuantityControlWrapper-vtxwzb-6 LCxOg"
                                >
                                  <label
                                    id="quantity-controls-306930957-label"
                                    class="styled__VisuallyHiddenLabel-vtxwzb-7 gXlLiM"
                                    >Quantity of Tesco Finest Cantabrian Anchovy
                                    Fillets 50G</label
                                  >
                                  <div
                                    class="component__Wrapper-sc-1kpmik-3 dReplG input-wrapper"
                                  >
                                    <input
                                      type="number"
                                      class="base-components__RootElement-sc-1mosoyj-1 styled__StyledInput-sc-1jd5f57-0 component__StyledAsInput-sc-1kpmik-4 jptQqM eJLlow styled__StyledInput-vtxwzb-3 lwMHo beans-quantity-controls__input beans-input"
                                      data-auto="beans-quantity-controls-input"
                                      autocomplete="off"
                                      id="quantity-controls-306930957"
                                      maxlength="2"
                                      name="newValue"
                                      aria-labelledby="quantity-controls-306930957-label"
                                      value="1"
                                    />
                                  </div>
                                </div>
                                <button
                                  class="styled__BaseButton-rsekm1-0 styled__PrimaryButton-rsekm1-2 jChbeY geeWOF styled__StyledButton-vtxwzb-5 japAxb beans-quantity-controls__add-button beans-button__container"
                                  type="submit"
                                  data-auto="beans-quantity-controls-add-button"
                                  aria-label="Quantity of Tesco Finest Cantabrian Anchovy Fillets 50G"
                                >
                                  <span
                                    class="base-components__BaseElement-sc-1mosoyj-0 styled__InnerContainer-rsekm1-1 oznwo fuFres beans-button__inner-container"
                                    ><span
                                      class="base-components__BaseElement-sc-1mosoyj-0 styled__TextSpan-rsekm1-4 oznwo GDiMp beans-button__text"
                                      >Add</span
                                    ></span
                                  >
                                </button>
                              </div>
                            </div>
                          </div>
                        </div>
                      </div>
                      <input
                        type="hidden"
                        name="_csrf"
                        value="BeMqcJBE-zCJWuNH91oq73jFXs7WkHUAPSZM"
                      />
                    </form>
                  </div>
                </div>
              </div>
            </div>
            <div class="hidden-medium product-info-section-small">
              <div class="product-info-message-list"></div>
            </div>
          </div>
        </div>
      </div>
    </div>
  </li>
  <li class="product-list--list-item">
    <div class="styles__StyledVerticalTileWrapper-dvv1wj-0 dtCNPH">
      <div
        data-auto="product-tile"
        data-auto-type="Quantity"
        data-auto-available="true"
        data-auto-is-restricted-disabled="false"
        data-auto-is-substitute="false"
        class="styles__StyledVerticalTile-dvv1wj-1 gSCsYK"
      >
        <div class="styles__StyledTileContentWrapper-dvv1wj-2 bkNhNP beans">
          <div
            id="tile-277116946"
            data-auto-id="277116946"
            class="styles__StyledTiledContent-dvv1wj-3 bcglTg"
          >
            <a
              href="/groceries/en-GB/products/277116946"
              aria-hidden="true"
              class="product-image-wrapper"
              tabindex="1"
              ><div class="product-image__container">
                <picture
                  ><img
                    class="styled__Image-sjvkdn-0 bJErKA product-image beans-responsive-image__image"
                    src="https://digitalcontent.api.tesco.com/v2/media/ghs/e2ee3da4-b8cd-4aec-94ce-593e4c9fea4a/8f400844-fddd-4bb5-9d1f-930566d1cea1.jpeg?h=225&amp;w=225"
                    srcset="
                      https://digitalcontent.api.tesco.com/v2/media/ghs/e2ee3da4-b8cd-4aec-94ce-593e4c9fea4a/8f400844-fddd-4bb5-9d1f-930566d1cea1.jpeg?h=225&amp;w=225  768w,
                      https://digitalcontent.api.tesco.com/v2/media/ghs/e2ee3da4-b8cd-4aec-94ce-593e4c9fea4a/8f400844-fddd-4bb5-9d1f-930566d1cea1.jpeg?h=225&amp;w=225 4000w
                    "
                    alt="Tesco Orkney Crab Meat 100G"
                /></picture></div
            ></a>
            <div class="product-details--wrapper">
              <h3 class="styles__H3-oa5soe-0 bCKNNq">
                <a
                  href="/groceries/en-GB/products/277116946"
                  class="styled__Anchor-sc-1xbujuz-0 csVOnh beans-link__anchor"
                  data-auto="product-tile--title"
                  ><span
                    class="styled__Text-sc-1xbujuz-1 ldbwMG beans-link__text"
                    >Tesco Orkney Crab Meat 100G</span
                  ></a
                >
              </h3>
              <div
                class="styles__StyledPromotionsAboveMobile-dvv1wj-7 iPTMuo"
              ></div>
              <div class="styles__StyledProductDetailsContent-dvv1wj-5 ddRSrq">
                <a
                  href="/groceries/en-GB/reviews/submission/277116946?from=%2Fsearch%3Fquery%3Dseafood"
                  aria-label="Write a review for Tesco Orkney Crab Meat 100G"
                  class="styled__Anchor-sc-1xbujuz-0 jSzuDt write-a-review-link beans-link__anchor"
                  data-auto="review-link"
                  ><span
                    class="styled__Text-sc-1xbujuz-1 fyDIEo beans-link__text"
                    >Write a review</span
                  ><span
                    class="styled__IconContainer-sc-1xbujuz-2 bSauSL beans-link__icon-container"
                    ><svg
                      aria-hidden="true"
                      class="styled__SVG-xxa4wh-1 hQMCqc beans-link__icon beans-icon__svg"
                      height="13.33"
                      preserveAspectRatio="xMinYMax meet"
                      viewBox="-1 0 12 20"
                      width="8"
                      xmlns="http://www.w3.org/2000/svg"
                      color="currentColor"
                    >
                      <path
                        d="M1.312 1.348L10.276 10l-8.964 8.644"
                        fill="none"
                        stroke="currentColor"
                      ></path></svg></span
                ></a>
                <div>
                  <a
                    href="/groceries/en-GB/shop/fresh-food/chilled-fish-and-seafood/prawns-and-seafood/shellfish-and-seafood-sticks"
                    class="styled__Anchor-sc-1xbujuz-0 jSzuDt rest-of-shelf-link beans-link__anchor"
                    data-auto="rest-of-shelf-link"
                    ><span
                      class="styled__Text-sc-1xbujuz-1 fyDIEo beans-link__text"
                      >Rest of
                      <span class="visually-hidden"
                        >Shellfish &amp; Seafood Sticks</span
                      >
                      shelf</span
                    ><span
                      class="styled__IconContainer-sc-1xbujuz-2 bSauSL beans-link__icon-container"
                      ><svg
                        aria-hidden="true"
                        class="styled__SVG-xxa4wh-1 hQMCqc beans-link__icon beans-icon__svg"
                        height="13.33"
                        preserveAspectRatio="xMinYMax meet"
                        viewBox="-1 0 12 20"
                        width="8"
                        xmlns="http://www.w3.org/2000/svg"
                        color="currentColor"
                      >
                        <path
                          d="M1.312 1.348L10.276 10l-8.964 8.644"
                          fill="none"
                          stroke="currentColor"
                        ></path></svg></span
                  ></a>
                </div>
                <div class="product-info-message-section">
                  <div class="product-info-message-list"></div>
                </div>
              </div>
              <div class="styles__StyledBuyBoxWrapper-dvv1wj-4 dSvjUC">
                <div
                  class="styles__StyledBuyBoxContainer-sc-1wx0qp6-0 erryje"
                  data-auto="buybox-container"
                >
                  <div class="styles__SafeFormWrapper-jtpu2t-0 lcrYKS">
                    <form
                      action="/groceries/en-GB/trolley/items/277116946?_method=PUT"
                      method="POST"
                    >
                      <input type="submit" class="hidden" /><input
                        type="hidden"
                        name="id"
                        value="277116946"
                      /><input
                        type="hidden"
                        name="identifier"
                        value="Page"
                      /><input
                        type="hidden"
                        name="anchorId"
                        value="#tile-277116946"
                      /><input
                        type="hidden"
                        name="returnUrl"
                        value="/groceries/en-GB/search?query=seafood&amp;redirectIfUnavailable=true#tile-277116946"
                      /><input type="hidden" name="backToUrl" value="#" /><input
                        type="hidden"
                        name="oldValue"
                        value="0"
                      /><input
                        type="hidden"
                        name="oldUnitChoice"
                        value="pcs"
                      /><input type="hidden" name="newUnitChoice" value="pcs" />
                      <div
                        class="base-components__RootElement-sc-1mosoyj-1 styled__Container-sc-6nhkzi-0 jptQqM hSNpTb beans-buybox__container"
                      >
                        <div
                          class="base-components__BaseElement-sc-1mosoyj-0 styled__PriceAndActions-sc-6nhkzi-3 oznwo eEPLov beans-buybox__price-and-actions"
                        >
                          <div
                            class="base-components__RootElement-sc-1mosoyj-1 styled__Container-sc-8qlq5b-0 jptQqM bgZrjw styled__StyledPrice-sc-6nhkzi-5 iYHeik beans-buybox__price beans-price__container"
                          >
                            <p
                              class="styled__StyledHeading-sc-119w3hf-2 jWPEtj styled__Text-sc-8qlq5b-1 lnaeiZ beans-price__text"
                            >
                              £3.50
                            </p>
                            <p
                              class="styled__StyledFootnote-sc-119w3hf-7 icrlVF styled__Subtext-sc-8qlq5b-2 bNJmdc beans-price__subtext"
                            >
                              £3.50/100g
                            </p>
                          </div>
                          <div
                            class="base-components__RootElement-sc-1mosoyj-1 styled__Container-vtxwzb-0 jptQqM bDFhXJ beans-buybox__actions beans-quantity-controls__container"
                          >
                            <div
                              class="base-components__RootElement-sc-1mosoyj-1 styled__Container-sc-16t2b2a-0 jptQqM PUfgZ styled__StyledFormGroup-vtxwzb-1 kzKuAr beans-quantity-controls__form-group beans-form-group__container"
                            >
                              <label
                                class="styled__StyledLabel-sc-1ttuvhr-0 izGEjV beans-form-group__label beans-label"
                                for="quantity-controls-277116946"
                                >Quantity controls<!-- -->
                              </label>
                              <div
                                class="base-components__BaseElement-sc-1mosoyj-0 styled__Children-sc-16t2b2a-3 oznwo gdJvjO beans-form-group__children"
                              >
                                <div
                                  class="styled__StyledQuantityControlWrapper-vtxwzb-6 LCxOg"
                                >
                                  <label
                                    id="quantity-controls-277116946-label"
                                    class="styled__VisuallyHiddenLabel-vtxwzb-7 gXlLiM"
                                    >Quantity of Tesco Orkney Crab Meat
                                    100G</label
                                  >
                                  <div
                                    class="component__Wrapper-sc-1kpmik-3 dReplG input-wrapper"
                                  >
                                    <input
                                      type="number"
                                      class="base-components__RootElement-sc-1mosoyj-1 styled__StyledInput-sc-1jd5f57-0 component__StyledAsInput-sc-1kpmik-4 jptQqM eJLlow styled__StyledInput-vtxwzb-3 lwMHo beans-quantity-controls__input beans-input"
                                      data-auto="beans-quantity-controls-input"
                                      autocomplete="off"
                                      id="quantity-controls-277116946"
                                      maxlength="2"
                                      name="newValue"
                                      aria-labelledby="quantity-controls-277116946-label"
                                      value="1"
                                    />
                                  </div>
                                </div>
                                <button
                                  class="styled__BaseButton-rsekm1-0 styled__PrimaryButton-rsekm1-2 jChbeY geeWOF styled__StyledButton-vtxwzb-5 japAxb beans-quantity-controls__add-button beans-button__container"
                                  type="submit"
                                  data-auto="beans-quantity-controls-add-button"
                                  aria-label="Quantity of Tesco Orkney Crab Meat 100G"
                                >
                                  <span
                                    class="base-components__BaseElement-sc-1mosoyj-0 styled__InnerContainer-rsekm1-1 oznwo fuFres beans-button__inner-container"
                                    ><span
                                      class="base-components__BaseElement-sc-1mosoyj-0 styled__TextSpan-rsekm1-4 oznwo GDiMp beans-button__text"
                                      >Add</span
                                    ></span
                                  >
                                </button>
                              </div>
                            </div>
                          </div>
                        </div>
                      </div>
                      <input
                        type="hidden"
                        name="_csrf"
                        value="BeMqcJBE-zCJWuNH91oq73jFXs7WkHUAPSZM"
                      />
                    </form>
                  </div>
                </div>
              </div>
            </div>
            <div class="hidden-medium product-info-section-small">
              <div class="product-info-message-list"></div>
            </div>
          </div>
        </div>
      </div>
    </div>
  </li>
  <li class="product-list--list-item">
    <div class="styles__StyledVerticalTileWrapper-dvv1wj-0 dtCNPH">
      <div
        data-auto="product-tile"
        data-auto-type="Quantity"
        data-auto-available="true"
        data-auto-is-restricted-disabled="false"
        data-auto-is-substitute="false"
        class="styles__StyledVerticalTile-dvv1wj-1 gSCsYK"
      >
        <div class="styles__StyledTileContentWrapper-dvv1wj-2 bkNhNP beans">
          <div
            id="tile-310103367"
            data-auto-id="310103367"
            class="styles__StyledTiledContent-dvv1wj-3 bcglTg"
          >
            <a
              href="/groceries/en-GB/products/310103367"
              aria-hidden="true"
              class="product-image-wrapper"
              tabindex="1"
              ><div class="product-image__container">
                <picture
                  ><img
                    class="styled__Image-sjvkdn-0 bJErKA product-image beans-responsive-image__image"
                    src="https://digitalcontent.api.tesco.com/v2/media/ghs/32e7299d-3566-4b9f-aed8-4d0619c5b3aa/6f837e75-d943-4a43-afa4-743417fab80e_1367846272.jpeg?h=225&amp;w=225"
                    srcset="
                      https://digitalcontent.api.tesco.com/v2/media/ghs/32e7299d-3566-4b9f-aed8-4d0619c5b3aa/6f837e75-d943-4a43-afa4-743417fab80e_1367846272.jpeg?h=225&amp;w=225  768w,
                      https://digitalcontent.api.tesco.com/v2/media/ghs/32e7299d-3566-4b9f-aed8-4d0619c5b3aa/6f837e75-d943-4a43-afa4-743417fab80e_1367846272.jpeg?h=225&amp;w=225 4000w
                    "
                    alt="John West Anchovy Fillets In Olive Oil 95G"
                /></picture></div
            ></a>
            <div class="product-details--wrapper">
              <h3 class="styles__H3-oa5soe-0 bCKNNq">
                <a
                  href="/groceries/en-GB/products/310103367"
                  class="styled__Anchor-sc-1xbujuz-0 csVOnh beans-link__anchor"
                  data-auto="product-tile--title"
                  ><span
                    class="styled__Text-sc-1xbujuz-1 ldbwMG beans-link__text"
                    >John West Anchovy Fillets In Olive Oil 95G</span
                  ></a
                >
              </h3>
              <div
                class="styles__StyledPromotionsAboveMobile-dvv1wj-7 iPTMuo"
              ></div>
              <div class="styles__StyledProductDetailsContent-dvv1wj-5 ddRSrq">
                <a
                  href="/groceries/en-GB/reviews/submission/310103367?from=%2Fsearch%3Fquery%3Dseafood"
                  aria-label="Write a review for John West Anchovy Fillets In Olive Oil 95G"
                  class="styled__Anchor-sc-1xbujuz-0 jSzuDt write-a-review-link beans-link__anchor"
                  data-auto="review-link"
                  ><span
                    class="styled__Text-sc-1xbujuz-1 fyDIEo beans-link__text"
                    >Write a review</span
                  ><span
                    class="styled__IconContainer-sc-1xbujuz-2 bSauSL beans-link__icon-container"
                    ><svg
                      aria-hidden="true"
                      class="styled__SVG-xxa4wh-1 hQMCqc beans-link__icon beans-icon__svg"
                      height="13.33"
                      preserveAspectRatio="xMinYMax meet"
                      viewBox="-1 0 12 20"
                      width="8"
                      xmlns="http://www.w3.org/2000/svg"
                      color="currentColor"
                    >
                      <path
                        d="M1.312 1.348L10.276 10l-8.964 8.644"
                        fill="none"
                        stroke="currentColor"
                      ></path></svg></span
                ></a>
                <div>
                  <a
                    href="/groceries/en-GB/shop/food-cupboard/tins-cans-and-packets/tinned-fish-and-seafood/tinned-seafood"
                    class="styled__Anchor-sc-1xbujuz-0 jSzuDt rest-of-shelf-link beans-link__anchor"
                    data-auto="rest-of-shelf-link"
                    ><span
                      class="styled__Text-sc-1xbujuz-1 fyDIEo beans-link__text"
                      >Rest of
                      <span class="visually-hidden">Tinned Seafood</span>
                      shelf</span
                    ><span
                      class="styled__IconContainer-sc-1xbujuz-2 bSauSL beans-link__icon-container"
                      ><svg
                        aria-hidden="true"
                        class="styled__SVG-xxa4wh-1 hQMCqc beans-link__icon beans-icon__svg"
                        height="13.33"
                        preserveAspectRatio="xMinYMax meet"
                        viewBox="-1 0 12 20"
                        width="8"
                        xmlns="http://www.w3.org/2000/svg"
                        color="currentColor"
                      >
                        <path
                          d="M1.312 1.348L10.276 10l-8.964 8.644"
                          fill="none"
                          stroke="currentColor"
                        ></path></svg></span
                  ></a>
                </div>
                <div class="product-info-message-section">
                  <div class="product-info-message-list"></div>
                </div>
              </div>
              <div class="styles__StyledBuyBoxWrapper-dvv1wj-4 dSvjUC">
                <div
                  class="styles__StyledBuyBoxContainer-sc-1wx0qp6-0 erryje"
                  data-auto="buybox-container"
                >
                  <div class="styles__SafeFormWrapper-jtpu2t-0 lcrYKS">
                    <form
                      action="/groceries/en-GB/trolley/items/310103367?_method=PUT"
                      method="POST"
                    >
                      <input type="submit" class="hidden" /><input
                        type="hidden"
                        name="id"
                        value="310103367"
                      /><input
                        type="hidden"
                        name="identifier"
                        value="Page"
                      /><input
                        type="hidden"
                        name="anchorId"
                        value="#tile-310103367"
                      /><input
                        type="hidden"
                        name="returnUrl"
                        value="/groceries/en-GB/search?query=seafood&amp;redirectIfUnavailable=true#tile-310103367"
                      /><input type="hidden" name="backToUrl" value="#" /><input
                        type="hidden"
                        name="oldValue"
                        value="0"
                      /><input
                        type="hidden"
                        name="oldUnitChoice"
                        value="pcs"
                      /><input type="hidden" name="newUnitChoice" value="pcs" />
                      <div
                        class="base-components__RootElement-sc-1mosoyj-1 styled__Container-sc-6nhkzi-0 jptQqM hSNpTb beans-buybox__container"
                      >
                        <div
                          class="base-components__BaseElement-sc-1mosoyj-0 styled__PriceAndActions-sc-6nhkzi-3 oznwo eEPLov beans-buybox__price-and-actions"
                        >
                          <div
                            class="base-components__RootElement-sc-1mosoyj-1 styled__Container-sc-8qlq5b-0 jptQqM bgZrjw styled__StyledPrice-sc-6nhkzi-5 iYHeik beans-buybox__price beans-price__container"
                          >
                            <p
                              class="styled__StyledHeading-sc-119w3hf-2 jWPEtj styled__Text-sc-8qlq5b-1 lnaeiZ beans-price__text"
                            >
                              £2.80
                            </p>
                            <p
                              class="styled__StyledFootnote-sc-119w3hf-7 icrlVF styled__Subtext-sc-8qlq5b-2 bNJmdc beans-price__subtext"
                            >
                              £5.60/100g DR.WT
                            </p>
                          </div>
                          <div
                            class="base-components__RootElement-sc-1mosoyj-1 styled__Container-vtxwzb-0 jptQqM bDFhXJ beans-buybox__actions beans-quantity-controls__container"
                          >
                            <div
                              class="base-components__RootElement-sc-1mosoyj-1 styled__Container-sc-16t2b2a-0 jptQqM PUfgZ styled__StyledFormGroup-vtxwzb-1 kzKuAr beans-quantity-controls__form-group beans-form-group__container"
                            >
                              <label
                                class="styled__StyledLabel-sc-1ttuvhr-0 izGEjV beans-form-group__label beans-label"
                                for="quantity-controls-310103367"
                                >Quantity controls<!-- -->
                              </label>
                              <div
                                class="base-components__BaseElement-sc-1mosoyj-0 styled__Children-sc-16t2b2a-3 oznwo gdJvjO beans-form-group__children"
                              >
                                <div
                                  class="styled__StyledQuantityControlWrapper-vtxwzb-6 LCxOg"
                                >
                                  <label
                                    id="quantity-controls-310103367-label"
                                    class="styled__VisuallyHiddenLabel-vtxwzb-7 gXlLiM"
                                    >Quantity of John West Anchovy Fillets In
                                    Olive Oil 95G</label
                                  >
                                  <div
                                    class="component__Wrapper-sc-1kpmik-3 dReplG input-wrapper"
                                  >
                                    <input
                                      type="number"
                                      class="base-components__RootElement-sc-1mosoyj-1 styled__StyledInput-sc-1jd5f57-0 component__StyledAsInput-sc-1kpmik-4 jptQqM eJLlow styled__StyledInput-vtxwzb-3 lwMHo beans-quantity-controls__input beans-input"
                                      data-auto="beans-quantity-controls-input"
                                      autocomplete="off"
                                      id="quantity-controls-310103367"
                                      maxlength="2"
                                      name="newValue"
                                      aria-labelledby="quantity-controls-310103367-label"
                                      value="1"
                                    />
                                  </div>
                                </div>
                                <button
                                  class="styled__BaseButton-rsekm1-0 styled__PrimaryButton-rsekm1-2 jChbeY geeWOF styled__StyledButton-vtxwzb-5 japAxb beans-quantity-controls__add-button beans-button__container"
                                  type="submit"
                                  data-auto="beans-quantity-controls-add-button"
                                  aria-label="Quantity of John West Anchovy Fillets In Olive Oil 95G"
                                >
                                  <span
                                    class="base-components__BaseElement-sc-1mosoyj-0 styled__InnerContainer-rsekm1-1 oznwo fuFres beans-button__inner-container"
                                    ><span
                                      class="base-components__BaseElement-sc-1mosoyj-0 styled__TextSpan-rsekm1-4 oznwo GDiMp beans-button__text"
                                      >Add</span
                                    ></span
                                  >
                                </button>
                              </div>
                            </div>
                          </div>
                        </div>
                      </div>
                      <input
                        type="hidden"
                        name="_csrf"
                        value="BeMqcJBE-zCJWuNH91oq73jFXs7WkHUAPSZM"
                      />
                    </form>
                  </div>
                </div>
              </div>
            </div>
            <div class="hidden-medium product-info-section-small">
              <div class="product-info-message-list"></div>
            </div>
          </div>
        </div>
      </div>
    </div>
  </li>
  <li class="product-list--list-item">
    <div class="styles__StyledVerticalTileWrapper-dvv1wj-0 dtCNPH">
      <div
        data-auto="product-tile"
        data-auto-type="Quantity"
        data-auto-available="true"
        data-auto-is-restricted-disabled="false"
        data-auto-is-substitute="false"
        class="styles__StyledVerticalTile-dvv1wj-1 gSCsYK"
      >
        <div class="styles__StyledTileContentWrapper-dvv1wj-2 bkNhNP beans">
          <div
            id="tile-254694710"
            data-auto-id="254694710"
            class="styles__StyledTiledContent-dvv1wj-3 bcglTg"
          >
            <a
              href="/groceries/en-GB/products/254694710"
              aria-hidden="true"
              class="product-image-wrapper"
              tabindex="1"
              ><div class="product-image__container">
                <picture
                  ><img
                    class="styled__Image-sjvkdn-0 bJErKA product-image beans-responsive-image__image"
                    src="https://digitalcontent.api.tesco.com/v2/media/ghs/53f3afff-f87f-4888-afa4-ae0a8d5a54b7/c89bb7cb-2611-4aa7-a378-fd8cc583dc77.jpeg?h=225&amp;w=225"
                    srcset="
                      https://digitalcontent.api.tesco.com/v2/media/ghs/53f3afff-f87f-4888-afa4-ae0a8d5a54b7/c89bb7cb-2611-4aa7-a378-fd8cc583dc77.jpeg?h=225&amp;w=225  768w,
                      https://digitalcontent.api.tesco.com/v2/media/ghs/53f3afff-f87f-4888-afa4-ae0a8d5a54b7/c89bb7cb-2611-4aa7-a378-fd8cc583dc77.jpeg?h=225&amp;w=225 4000w
                    "
                    alt="Tesco Tuna &amp; Sweetcorn Pasta 300G"
                /></picture></div
            ></a>
            <div class="product-details--wrapper">
              <h3 class="styles__H3-oa5soe-0 bCKNNq">
                <a
                  href="/groceries/en-GB/products/254694710"
                  class="styled__Anchor-sc-1xbujuz-0 csVOnh beans-link__anchor"
                  data-auto="product-tile--title"
                  ><span
                    class="styled__Text-sc-1xbujuz-1 ldbwMG beans-link__text"
                    >Tesco Tuna &amp; Sweetcorn Pasta 300G</span
                  ></a
                >
              </h3>
              <div class="styles__StyledProductDetailsContent-dvv1wj-5 ddRSrq">
                <a
                  href="/groceries/en-GB/reviews/submission/254694710?from=%2Fsearch%3Fquery%3Dseafood"
                  aria-label="Write a review for Tesco Tuna &amp; Sweetcorn Pasta 300G"
                  class="styled__Anchor-sc-1xbujuz-0 jSzuDt write-a-review-link beans-link__anchor"
                  data-auto="review-link"
                  ><span
                    class="styled__Text-sc-1xbujuz-1 fyDIEo beans-link__text"
                    >Write a review</span
                  ><span
                    class="styled__IconContainer-sc-1xbujuz-2 bSauSL beans-link__icon-container"
                    ><svg
                      aria-hidden="true"
                      class="styled__SVG-xxa4wh-1 hQMCqc beans-link__icon beans-icon__svg"
                      height="13.33"
                      preserveAspectRatio="xMinYMax meet"
                      viewBox="-1 0 12 20"
                      width="8"
                      xmlns="http://www.w3.org/2000/svg"
                      color="currentColor"
                    >
                      <path
                        d="M1.312 1.348L10.276 10l-8.964 8.644"
                        fill="none"
                        stroke="currentColor"
                      ></path></svg></span
                ></a>
                <div>
                  <a
                    href="/groceries/en-GB/shop/fresh-food/chilled-soup-sandwiches-and-salad-pots/pasta-and-salad-pots/fish-and-seafood-salads"
                    class="styled__Anchor-sc-1xbujuz-0 jSzuDt rest-of-shelf-link beans-link__anchor"
                    data-auto="rest-of-shelf-link"
                    ><span
                      class="styled__Text-sc-1xbujuz-1 fyDIEo beans-link__text"
                      >Rest of
                      <span class="visually-hidden"
                        >Fish &amp; Seafood Salads</span
                      >
                      shelf</span
                    ><span
                      class="styled__IconContainer-sc-1xbujuz-2 bSauSL beans-link__icon-container"
                      ><svg
                        aria-hidden="true"
                        class="styled__SVG-xxa4wh-1 hQMCqc beans-link__icon beans-icon__svg"
                        height="13.33"
                        preserveAspectRatio="xMinYMax meet"
                        viewBox="-1 0 12 20"
                        width="8"
                        xmlns="http://www.w3.org/2000/svg"
                        color="currentColor"
                      >
                        <path
                          d="M1.312 1.348L10.276 10l-8.964 8.644"
                          fill="none"
                          stroke="currentColor"
                        ></path></svg></span
                  ></a>
                </div>
                <div class="product-info-message-section">
                  <div class="product-info-message-list"></div>
                </div>
              </div>
              <div
                class="styles__StyledPromotionsWithBuyBoxWrapper-dvv1wj-8 cZskDh"
              >
                <div
                  class="styles__StyledPromotionsAboveMobile-dvv1wj-7 iPTMuo"
                >
                  <div
                    class="styles__StyledPromotionsWithClubcardPriceContainer-sc-1vdpoop-0 bsPFbn"
                  >
                    <div class="styles__StyledClubcardLogo-sc-1vdpoop-2 elOZEB">
                      <div
                        class="styles__Wrapper-sc-1d2phhy-0 hgBuQG undefined special-offer-sash"
                      >
                        <span class="styles__CircleWrapper-sc-1d2phhy-2 hCbzjm"
                          ><strong
                            class="styles__TextWrapper-sc-1d2phhy-1 bLXNGg"
                            >Clubcard Price</strong
                          ></span
                        >
                      </div>
                    </div>
                    <a href="/groceries/en-GB/promotions/88503462"
                      ><div
                        class="styles__ProductPromotionStyling-sc-1vdpoop-3 cKitpL"
                      >
                        <div
                          class="styles__StyledPromotionsOfferContent-sc-1vdpoop-1 cPSekc"
                        >
                          <span class="offer-text"
                            >£3 Meal Deal Clubcard Price £3.50 Meal Deal Regular
                            Price - Selected Drink, Snack, Wrap, Sandwich, Roll,
                            Pasty Or Salad</span
                          >
                        </div>
                        <span class="dates"
                          >Offer valid for delivery from 23/05/2022 until
                          23/10/2022</span
                        >
                      </div></a
                    >
                  </div>
                </div>
                <div class="styles__StyledBuyBoxWrapper-dvv1wj-4 dSvjUC">
                  <div
                    class="styles__StyledBuyBoxContainer-sc-1wx0qp6-0 erryje"
                    data-auto="buybox-container"
                  >
                    <div class="styles__SafeFormWrapper-jtpu2t-0 lcrYKS">
                      <form
                        action="/groceries/en-GB/trolley/items/254694710?_method=PUT"
                        method="POST"
                      >
                        <input type="submit" class="hidden" /><input
                          type="hidden"
                          name="id"
                          value="254694710"
                        /><input
                          type="hidden"
                          name="identifier"
                          value="Page"
                        /><input
                          type="hidden"
                          name="anchorId"
                          value="#tile-254694710"
                        /><input
                          type="hidden"
                          name="returnUrl"
                          value="/groceries/en-GB/search?query=seafood&amp;redirectIfUnavailable=true#tile-254694710"
                        /><input
                          type="hidden"
                          name="backToUrl"
                          value="#"
                        /><input
                          type="hidden"
                          name="oldValue"
                          value="0"
                        /><input
                          type="hidden"
                          name="oldUnitChoice"
                          value="pcs"
                        /><input
                          type="hidden"
                          name="newUnitChoice"
                          value="pcs"
                        />
                        <div
                          class="base-components__RootElement-sc-1mosoyj-1 styled__Container-sc-6nhkzi-0 jptQqM hSNpTb beans-buybox__container"
                        >
                          <div
                            class="base-components__BaseElement-sc-1mosoyj-0 styled__PriceAndActions-sc-6nhkzi-3 oznwo eEPLov beans-buybox__price-and-actions"
                          >
                            <div
                              class="base-components__RootElement-sc-1mosoyj-1 styled__Container-sc-8qlq5b-0 jptQqM bgZrjw styled__StyledPrice-sc-6nhkzi-5 iYHeik beans-buybox__price beans-price__container"
                            >
                              <p
                                class="styled__StyledHeading-sc-119w3hf-2 jWPEtj styled__Text-sc-8qlq5b-1 lnaeiZ beans-price__text"
                              >
                                £2.75
                              </p>
                              <p
                                class="styled__StyledFootnote-sc-119w3hf-7 icrlVF styled__Subtext-sc-8qlq5b-2 bNJmdc beans-price__subtext"
                              >
                                £0.92/100g
                              </p>
                            </div>
                            <div
                              class="base-components__RootElement-sc-1mosoyj-1 styled__Container-vtxwzb-0 jptQqM bDFhXJ beans-buybox__actions beans-quantity-controls__container"
                            >
                              <div
                                class="base-components__RootElement-sc-1mosoyj-1 styled__Container-sc-16t2b2a-0 jptQqM PUfgZ styled__StyledFormGroup-vtxwzb-1 kzKuAr beans-quantity-controls__form-group beans-form-group__container"
                              >
                                <label
                                  class="styled__StyledLabel-sc-1ttuvhr-0 izGEjV beans-form-group__label beans-label"
                                  for="quantity-controls-254694710"
                                  >Quantity controls<!-- -->
                                </label>
                                <div
                                  class="base-components__BaseElement-sc-1mosoyj-0 styled__Children-sc-16t2b2a-3 oznwo gdJvjO beans-form-group__children"
                                >
                                  <div
                                    class="styled__StyledQuantityControlWrapper-vtxwzb-6 LCxOg"
                                  >
                                    <label
                                      id="quantity-controls-254694710-label"
                                      class="styled__VisuallyHiddenLabel-vtxwzb-7 gXlLiM"
                                      >Quantity of Tesco Tuna &amp; Sweetcorn
                                      Pasta 300G</label
                                    >
                                    <div
                                      class="component__Wrapper-sc-1kpmik-3 dReplG input-wrapper"
                                    >
                                      <input
                                        type="number"
                                        class="base-components__RootElement-sc-1mosoyj-1 styled__StyledInput-sc-1jd5f57-0 component__StyledAsInput-sc-1kpmik-4 jptQqM eJLlow styled__StyledInput-vtxwzb-3 lwMHo beans-quantity-controls__input beans-input"
                                        data-auto="beans-quantity-controls-input"
                                        autocomplete="off"
                                        id="quantity-controls-254694710"
                                        maxlength="2"
                                        name="newValue"
                                        aria-labelledby="quantity-controls-254694710-label"
                                        value="1"
                                      />
                                    </div>
                                  </div>
                                  <button
                                    class="styled__BaseButton-rsekm1-0 styled__PrimaryButton-rsekm1-2 jChbeY geeWOF styled__StyledButton-vtxwzb-5 japAxb beans-quantity-controls__add-button beans-button__container"
                                    type="submit"
                                    data-auto="beans-quantity-controls-add-button"
                                    aria-label="Quantity of Tesco Tuna &amp; Sweetcorn Pasta 300G"
                                  >
                                    <span
                                      class="base-components__BaseElement-sc-1mosoyj-0 styled__InnerContainer-rsekm1-1 oznwo fuFres beans-button__inner-container"
                                      ><span
                                        class="base-components__BaseElement-sc-1mosoyj-0 styled__TextSpan-rsekm1-4 oznwo GDiMp beans-button__text"
                                        >Add</span
                                      ></span
                                    >
                                  </button>
                                </div>
                              </div>
                            </div>
                          </div>
                        </div>
                        <input
                          type="hidden"
                          name="_csrf"
                          value="BeMqcJBE-zCJWuNH91oq73jFXs7WkHUAPSZM"
                        />
                      </form>
                    </div>
                  </div>
                </div>
              </div>
            </div>
            <div class="hidden-medium product-info-section-small">
              <div class="product-info-message-list"></div>
            </div>
          </div>
          <div class="styles__StyledPromotionsMobile-dvv1wj-6 Bxaeb">
            <div>
              <div
                class="styles__StyledPromotionsWithClubcardPriceContainer-sc-1vdpoop-0 bsPFbn"
              >
                <div class="styles__StyledClubcardLogo-sc-1vdpoop-2 elOZEB">
                  <div
                    class="styles__Wrapper-sc-1d2phhy-0 hgBuQG undefined special-offer-sash"
                  >
                    <span class="styles__CircleWrapper-sc-1d2phhy-2 hCbzjm"
                      ><strong class="styles__TextWrapper-sc-1d2phhy-1 bLXNGg"
                        >Clubcard Price</strong
                      ></span
                    >
                  </div>
                </div>
                <a href="/groceries/en-GB/promotions/88503462"
                  ><div
                    class="styles__ProductPromotionStyling-sc-1vdpoop-3 cKitpL"
                  >
                    <div
                      class="styles__StyledPromotionsOfferContent-sc-1vdpoop-1 cPSekc"
                    >
                      <span class="offer-text"
                        >£3 Meal Deal Clubcard Price £3.50 Meal Deal Regular
                        Price - Selected Drink, Snack, Wrap, Sandwich, Roll,
                        Pasty Or Salad</span
                      >
                    </div>
                    <span class="dates"
                      >Offer valid for delivery from 23/05/2022 until
                      23/10/2022</span
                    >
                  </div></a
                >
              </div>
            </div>
          </div>
        </div>
      </div>
    </div>
  </li>
  <li class="product-list--list-item">
    <div class="styles__StyledVerticalTileWrapper-dvv1wj-0 dtCNPH">
      <div
        data-auto="product-tile"
        data-auto-type="Quantity"
        data-auto-available="true"
        data-auto-is-restricted-disabled="false"
        data-auto-is-substitute="false"
        class="styles__StyledVerticalTile-dvv1wj-1 gSCsYK"
      >
        <div class="styles__StyledTileContentWrapper-dvv1wj-2 bkNhNP beans">
          <div
            id="tile-303673199"
            data-auto-id="303673199"
            class="styles__StyledTiledContent-dvv1wj-3 bcglTg"
          >
            <a
              href="/groceries/en-GB/products/303673199"
              aria-hidden="true"
              class="product-image-wrapper"
              tabindex="1"
              ><div class="product-image__container">
                <picture
                  ><img
                    class="styled__Image-sjvkdn-0 bJErKA product-image beans-responsive-image__image"
                    src="https://digitalcontent.api.tesco.com/v2/media/ghs/626df7f1-6227-495e-b5d5-93577479d951/dd8160ce-581b-4f73-863a-50e45c46d0ed.jpeg?h=225&amp;w=225"
                    srcset="
                      https://digitalcontent.api.tesco.com/v2/media/ghs/626df7f1-6227-495e-b5d5-93577479d951/dd8160ce-581b-4f73-863a-50e45c46d0ed.jpeg?h=225&amp;w=225  768w,
                      https://digitalcontent.api.tesco.com/v2/media/ghs/626df7f1-6227-495e-b5d5-93577479d951/dd8160ce-581b-4f73-863a-50e45c46d0ed.jpeg?h=225&amp;w=225 4000w
                    "
                    alt="Tesco Prawn Layered Salad 300G"
                /></picture></div
            ></a>
            <div class="product-details--wrapper">
              <h3 class="styles__H3-oa5soe-0 bCKNNq">
                <a
                  href="/groceries/en-GB/products/303673199"
                  class="styled__Anchor-sc-1xbujuz-0 csVOnh beans-link__anchor"
                  data-auto="product-tile--title"
                  ><span
                    class="styled__Text-sc-1xbujuz-1 ldbwMG beans-link__text"
                    >Tesco Prawn Layered Salad 300G</span
                  ></a
                >
              </h3>
              <div class="styles__StyledProductDetailsContent-dvv1wj-5 ddRSrq">
                <a
                  href="/groceries/en-GB/reviews/submission/303673199?from=%2Fsearch%3Fquery%3Dseafood"
                  aria-label="Write a review for Tesco Prawn Layered Salad 300G"
                  class="styled__Anchor-sc-1xbujuz-0 jSzuDt write-a-review-link beans-link__anchor"
                  data-auto="review-link"
                  ><span
                    class="styled__Text-sc-1xbujuz-1 fyDIEo beans-link__text"
                    >Write a review</span
                  ><span
                    class="styled__IconContainer-sc-1xbujuz-2 bSauSL beans-link__icon-container"
                    ><svg
                      aria-hidden="true"
                      class="styled__SVG-xxa4wh-1 hQMCqc beans-link__icon beans-icon__svg"
                      height="13.33"
                      preserveAspectRatio="xMinYMax meet"
                      viewBox="-1 0 12 20"
                      width="8"
                      xmlns="http://www.w3.org/2000/svg"
                      color="currentColor"
                    >
                      <path
                        d="M1.312 1.348L10.276 10l-8.964 8.644"
                        fill="none"
                        stroke="currentColor"
                      ></path></svg></span
                ></a>
                <div>
                  <a
                    href="/groceries/en-GB/shop/fresh-food/fresh-salad-coleslaw-and-sandwich-fillers/salad-pots-and-pasta-salad/meat-and-seafood-salad"
                    class="styled__Anchor-sc-1xbujuz-0 jSzuDt rest-of-shelf-link beans-link__anchor"
                    data-auto="rest-of-shelf-link"
                    ><span
                      class="styled__Text-sc-1xbujuz-1 fyDIEo beans-link__text"
                      >Rest of
                      <span class="visually-hidden"
                        >Meat &amp; Seafood Salad</span
                      >
                      shelf</span
                    ><span
                      class="styled__IconContainer-sc-1xbujuz-2 bSauSL beans-link__icon-container"
                      ><svg
                        aria-hidden="true"
                        class="styled__SVG-xxa4wh-1 hQMCqc beans-link__icon beans-icon__svg"
                        height="13.33"
                        preserveAspectRatio="xMinYMax meet"
                        viewBox="-1 0 12 20"
                        width="8"
                        xmlns="http://www.w3.org/2000/svg"
                        color="currentColor"
                      >
                        <path
                          d="M1.312 1.348L10.276 10l-8.964 8.644"
                          fill="none"
                          stroke="currentColor"
                        ></path></svg></span
                  ></a>
                </div>
                <div class="product-info-message-section">
                  <div class="product-info-message-list"></div>
                </div>
              </div>
              <div
                class="styles__StyledPromotionsWithBuyBoxWrapper-dvv1wj-8 cZskDh"
              >
                <div
                  class="styles__StyledPromotionsAboveMobile-dvv1wj-7 iPTMuo"
                >
                  <div
                    class="styles__StyledPromotionsWithClubcardPriceContainer-sc-1vdpoop-0 bsPFbn"
                  >
                    <div class="styles__StyledClubcardLogo-sc-1vdpoop-2 elOZEB">
                      <div
                        class="styles__Wrapper-sc-1d2phhy-0 hgBuQG undefined special-offer-sash"
                      >
                        <span class="styles__CircleWrapper-sc-1d2phhy-2 hCbzjm"
                          ><strong
                            class="styles__TextWrapper-sc-1d2phhy-1 bLXNGg"
                            >Clubcard Price</strong
                          ></span
                        >
                      </div>
                    </div>
                    <a href="/groceries/en-GB/promotions/88503462"
                      ><div
                        class="styles__ProductPromotionStyling-sc-1vdpoop-3 cKitpL"
                      >
                        <div
                          class="styles__StyledPromotionsOfferContent-sc-1vdpoop-1 cPSekc"
                        >
                          <span class="offer-text"
                            >£3 Meal Deal Clubcard Price £3.50 Meal Deal Regular
                            Price - Selected Drink, Snack, Wrap, Sandwich, Roll,
                            Pasty Or Salad</span
                          >
                        </div>
                        <span class="dates"
                          >Offer valid for delivery from 23/05/2022 until
                          23/10/2022</span
                        >
                      </div></a
                    >
                  </div>
                </div>
                <div class="styles__StyledBuyBoxWrapper-dvv1wj-4 dSvjUC">
                  <div
                    class="styles__StyledBuyBoxContainer-sc-1wx0qp6-0 erryje"
                    data-auto="buybox-container"
                  >
                    <div class="styles__SafeFormWrapper-jtpu2t-0 lcrYKS">
                      <form
                        action="/groceries/en-GB/trolley/items/303673199?_method=PUT"
                        method="POST"
                      >
                        <input type="submit" class="hidden" /><input
                          type="hidden"
                          name="id"
                          value="303673199"
                        /><input
                          type="hidden"
                          name="identifier"
                          value="Page"
                        /><input
                          type="hidden"
                          name="anchorId"
                          value="#tile-303673199"
                        /><input
                          type="hidden"
                          name="returnUrl"
                          value="/groceries/en-GB/search?query=seafood&amp;redirectIfUnavailable=true#tile-303673199"
                        /><input
                          type="hidden"
                          name="backToUrl"
                          value="#"
                        /><input
                          type="hidden"
                          name="oldValue"
                          value="0"
                        /><input
                          type="hidden"
                          name="oldUnitChoice"
                          value="pcs"
                        /><input
                          type="hidden"
                          name="newUnitChoice"
                          value="pcs"
                        />
                        <div
                          class="base-components__RootElement-sc-1mosoyj-1 styled__Container-sc-6nhkzi-0 jptQqM hSNpTb beans-buybox__container"
                        >
                          <div
                            class="base-components__BaseElement-sc-1mosoyj-0 styled__PriceAndActions-sc-6nhkzi-3 oznwo eEPLov beans-buybox__price-and-actions"
                          >
                            <div
                              class="base-components__RootElement-sc-1mosoyj-1 styled__Container-sc-8qlq5b-0 jptQqM bgZrjw styled__StyledPrice-sc-6nhkzi-5 iYHeik beans-buybox__price beans-price__container"
                            >
                              <p
                                class="styled__StyledHeading-sc-119w3hf-2 jWPEtj styled__Text-sc-8qlq5b-1 lnaeiZ beans-price__text"
                              >
                                £2.75
                              </p>
                              <p
                                class="styled__StyledFootnote-sc-119w3hf-7 icrlVF styled__Subtext-sc-8qlq5b-2 bNJmdc beans-price__subtext"
                              >
                                £0.92/100g
                              </p>
                            </div>
                            <div
                              class="base-components__RootElement-sc-1mosoyj-1 styled__Container-vtxwzb-0 jptQqM bDFhXJ beans-buybox__actions beans-quantity-controls__container"
                            >
                              <div
                                class="base-components__RootElement-sc-1mosoyj-1 styled__Container-sc-16t2b2a-0 jptQqM PUfgZ styled__StyledFormGroup-vtxwzb-1 kzKuAr beans-quantity-controls__form-group beans-form-group__container"
                              >
                                <label
                                  class="styled__StyledLabel-sc-1ttuvhr-0 izGEjV beans-form-group__label beans-label"
                                  for="quantity-controls-303673199"
                                  >Quantity controls<!-- -->
                                </label>
                                <div
                                  class="base-components__BaseElement-sc-1mosoyj-0 styled__Children-sc-16t2b2a-3 oznwo gdJvjO beans-form-group__children"
                                >
                                  <div
                                    class="styled__StyledQuantityControlWrapper-vtxwzb-6 LCxOg"
                                  >
                                    <label
                                      id="quantity-controls-303673199-label"
                                      class="styled__VisuallyHiddenLabel-vtxwzb-7 gXlLiM"
                                      >Quantity of Tesco Prawn Layered Salad
                                      300G</label
                                    >
                                    <div
                                      class="component__Wrapper-sc-1kpmik-3 dReplG input-wrapper"
                                    >
                                      <input
                                        type="number"
                                        class="base-components__RootElement-sc-1mosoyj-1 styled__StyledInput-sc-1jd5f57-0 component__StyledAsInput-sc-1kpmik-4 jptQqM eJLlow styled__StyledInput-vtxwzb-3 lwMHo beans-quantity-controls__input beans-input"
                                        data-auto="beans-quantity-controls-input"
                                        autocomplete="off"
                                        id="quantity-controls-303673199"
                                        maxlength="2"
                                        name="newValue"
                                        aria-labelledby="quantity-controls-303673199-label"
                                        value="1"
                                      />
                                    </div>
                                  </div>
                                  <button
                                    class="styled__BaseButton-rsekm1-0 styled__PrimaryButton-rsekm1-2 jChbeY geeWOF styled__StyledButton-vtxwzb-5 japAxb beans-quantity-controls__add-button beans-button__container"
                                    type="submit"
                                    data-auto="beans-quantity-controls-add-button"
                                    aria-label="Quantity of Tesco Prawn Layered Salad 300G"
                                  >
                                    <span
                                      class="base-components__BaseElement-sc-1mosoyj-0 styled__InnerContainer-rsekm1-1 oznwo fuFres beans-button__inner-container"
                                      ><span
                                        class="base-components__BaseElement-sc-1mosoyj-0 styled__TextSpan-rsekm1-4 oznwo GDiMp beans-button__text"
                                        >Add</span
                                      ></span
                                    >
                                  </button>
                                </div>
                              </div>
                            </div>
                          </div>
                        </div>
                        <input
                          type="hidden"
                          name="_csrf"
                          value="BeMqcJBE-zCJWuNH91oq73jFXs7WkHUAPSZM"
                        />
                      </form>
                    </div>
                  </div>
                </div>
              </div>
            </div>
            <div class="hidden-medium product-info-section-small">
              <div class="product-info-message-list"></div>
            </div>
          </div>
          <div class="styles__StyledPromotionsMobile-dvv1wj-6 Bxaeb">
            <div>
              <div
                class="styles__StyledPromotionsWithClubcardPriceContainer-sc-1vdpoop-0 bsPFbn"
              >
                <div class="styles__StyledClubcardLogo-sc-1vdpoop-2 elOZEB">
                  <div
                    class="styles__Wrapper-sc-1d2phhy-0 hgBuQG undefined special-offer-sash"
                  >
                    <span class="styles__CircleWrapper-sc-1d2phhy-2 hCbzjm"
                      ><strong class="styles__TextWrapper-sc-1d2phhy-1 bLXNGg"
                        >Clubcard Price</strong
                      ></span
                    >
                  </div>
                </div>
                <a href="/groceries/en-GB/promotions/88503462"
                  ><div
                    class="styles__ProductPromotionStyling-sc-1vdpoop-3 cKitpL"
                  >
                    <div
                      class="styles__StyledPromotionsOfferContent-sc-1vdpoop-1 cPSekc"
                    >
                      <span class="offer-text"
                        >£3 Meal Deal Clubcard Price £3.50 Meal Deal Regular
                        Price - Selected Drink, Snack, Wrap, Sandwich, Roll,
                        Pasty Or Salad</span
                      >
                    </div>
                    <span class="dates"
                      >Offer valid for delivery from 23/05/2022 until
                      23/10/2022</span
                    >
                  </div></a
                >
              </div>
            </div>
          </div>
        </div>
      </div>
    </div>
  </li>
  <li class="product-list--list-item">
    <div class="styles__StyledVerticalTileWrapper-dvv1wj-0 dtCNPH">
      <div
        data-auto="product-tile"
        data-auto-type="Quantity"
        data-auto-available="true"
        data-auto-is-restricted-disabled="false"
        data-auto-is-substitute="false"
        class="styles__StyledVerticalTile-dvv1wj-1 gSCsYK"
      >
        <div class="styles__StyledTileContentWrapper-dvv1wj-2 bkNhNP beans">
          <div
            id="tile-303674907"
            data-auto-id="303674907"
            class="styles__StyledTiledContent-dvv1wj-3 bcglTg"
          >
            <a
              href="/groceries/en-GB/products/303674907"
              aria-hidden="true"
              class="product-image-wrapper"
              tabindex="1"
              ><div class="product-image__container">
                <picture
                  ><img
                    class="styled__Image-sjvkdn-0 bJErKA product-image beans-responsive-image__image"
                    src="https://digitalcontent.api.tesco.com/v2/media/ghs/d03221a9-fed3-4f5b-aad8-78ac9c1da51e/e3e8b47e-fce1-40a7-a4e1-cb1bfd871b68.jpeg?h=225&amp;w=225"
                    srcset="
                      https://digitalcontent.api.tesco.com/v2/media/ghs/d03221a9-fed3-4f5b-aad8-78ac9c1da51e/e3e8b47e-fce1-40a7-a4e1-cb1bfd871b68.jpeg?h=225&amp;w=225  768w,
                      https://digitalcontent.api.tesco.com/v2/media/ghs/d03221a9-fed3-4f5b-aad8-78ac9c1da51e/e3e8b47e-fce1-40a7-a4e1-cb1bfd871b68.jpeg?h=225&amp;w=225 4000w
                    "
                    alt="Tesco Chicken &amp; Bacon Layered Salad 290G"
                /></picture></div
            ></a>
            <div class="product-details--wrapper">
              <h3 class="styles__H3-oa5soe-0 bCKNNq">
                <a
                  href="/groceries/en-GB/products/303674907"
                  class="styled__Anchor-sc-1xbujuz-0 csVOnh beans-link__anchor"
                  data-auto="product-tile--title"
                  ><span
                    class="styled__Text-sc-1xbujuz-1 ldbwMG beans-link__text"
                    >Tesco Chicken &amp; Bacon Layered Salad 290G</span
                  ></a
                >
              </h3>
              <div class="styles__StyledProductDetailsContent-dvv1wj-5 ddRSrq">
                <a
                  href="/groceries/en-GB/reviews/submission/303674907?from=%2Fsearch%3Fquery%3Dseafood"
                  aria-label="Write a review for Tesco Chicken &amp; Bacon Layered Salad 290G"
                  class="styled__Anchor-sc-1xbujuz-0 jSzuDt write-a-review-link beans-link__anchor"
                  data-auto="review-link"
                  ><span
                    class="styled__Text-sc-1xbujuz-1 fyDIEo beans-link__text"
                    >Write a review</span
                  ><span
                    class="styled__IconContainer-sc-1xbujuz-2 bSauSL beans-link__icon-container"
                    ><svg
                      aria-hidden="true"
                      class="styled__SVG-xxa4wh-1 hQMCqc beans-link__icon beans-icon__svg"
                      height="13.33"
                      preserveAspectRatio="xMinYMax meet"
                      viewBox="-1 0 12 20"
                      width="8"
                      xmlns="http://www.w3.org/2000/svg"
                      color="currentColor"
                    >
                      <path
                        d="M1.312 1.348L10.276 10l-8.964 8.644"
                        fill="none"
                        stroke="currentColor"
                      ></path></svg></span
                ></a>
                <div>
                  <a
                    href="/groceries/en-GB/shop/fresh-food/fresh-salad-coleslaw-and-sandwich-fillers/salad-pots-and-pasta-salad/meat-and-seafood-salad"
                    class="styled__Anchor-sc-1xbujuz-0 jSzuDt rest-of-shelf-link beans-link__anchor"
                    data-auto="rest-of-shelf-link"
                    ><span
                      class="styled__Text-sc-1xbujuz-1 fyDIEo beans-link__text"
                      >Rest of
                      <span class="visually-hidden"
                        >Meat &amp; Seafood Salad</span
                      >
                      shelf</span
                    ><span
                      class="styled__IconContainer-sc-1xbujuz-2 bSauSL beans-link__icon-container"
                      ><svg
                        aria-hidden="true"
                        class="styled__SVG-xxa4wh-1 hQMCqc beans-link__icon beans-icon__svg"
                        height="13.33"
                        preserveAspectRatio="xMinYMax meet"
                        viewBox="-1 0 12 20"
                        width="8"
                        xmlns="http://www.w3.org/2000/svg"
                        color="currentColor"
                      >
                        <path
                          d="M1.312 1.348L10.276 10l-8.964 8.644"
                          fill="none"
                          stroke="currentColor"
                        ></path></svg></span
                  ></a>
                </div>
                <div class="product-info-message-section">
                  <div class="product-info-message-list"></div>
                </div>
              </div>
              <div
                class="styles__StyledPromotionsWithBuyBoxWrapper-dvv1wj-8 cZskDh"
              >
                <div
                  class="styles__StyledPromotionsAboveMobile-dvv1wj-7 iPTMuo"
                >
                  <div
                    class="styles__StyledPromotionsWithClubcardPriceContainer-sc-1vdpoop-0 bsPFbn"
                  >
                    <div class="styles__StyledClubcardLogo-sc-1vdpoop-2 elOZEB">
                      <div
                        class="styles__Wrapper-sc-1d2phhy-0 hgBuQG undefined special-offer-sash"
                      >
                        <span class="styles__CircleWrapper-sc-1d2phhy-2 hCbzjm"
                          ><strong
                            class="styles__TextWrapper-sc-1d2phhy-1 bLXNGg"
                            >Clubcard Price</strong
                          ></span
                        >
                      </div>
                    </div>
                    <a href="/groceries/en-GB/promotions/88503462"
                      ><div
                        class="styles__ProductPromotionStyling-sc-1vdpoop-3 cKitpL"
                      >
                        <div
                          class="styles__StyledPromotionsOfferContent-sc-1vdpoop-1 cPSekc"
                        >
                          <span class="offer-text"
                            >£3 Meal Deal Clubcard Price £3.50 Meal Deal Regular
                            Price - Selected Drink, Snack, Wrap, Sandwich, Roll,
                            Pasty Or Salad</span
                          >
                        </div>
                        <span class="dates"
                          >Offer valid for delivery from 23/05/2022 until
                          23/10/2022</span
                        >
                      </div></a
                    >
                  </div>
                </div>
                <div class="styles__StyledBuyBoxWrapper-dvv1wj-4 dSvjUC">
                  <div
                    class="styles__StyledBuyBoxContainer-sc-1wx0qp6-0 erryje"
                    data-auto="buybox-container"
                  >
                    <div class="styles__SafeFormWrapper-jtpu2t-0 lcrYKS">
                      <form
                        action="/groceries/en-GB/trolley/items/303674907?_method=PUT"
                        method="POST"
                      >
                        <input type="submit" class="hidden" /><input
                          type="hidden"
                          name="id"
                          value="303674907"
                        /><input
                          type="hidden"
                          name="identifier"
                          value="Page"
                        /><input
                          type="hidden"
                          name="anchorId"
                          value="#tile-303674907"
                        /><input
                          type="hidden"
                          name="returnUrl"
                          value="/groceries/en-GB/search?query=seafood&amp;redirectIfUnavailable=true#tile-303674907"
                        /><input
                          type="hidden"
                          name="backToUrl"
                          value="#"
                        /><input
                          type="hidden"
                          name="oldValue"
                          value="0"
                        /><input
                          type="hidden"
                          name="oldUnitChoice"
                          value="pcs"
                        /><input
                          type="hidden"
                          name="newUnitChoice"
                          value="pcs"
                        />
                        <div
                          class="base-components__RootElement-sc-1mosoyj-1 styled__Container-sc-6nhkzi-0 jptQqM hSNpTb beans-buybox__container"
                        >
                          <div
                            class="base-components__BaseElement-sc-1mosoyj-0 styled__PriceAndActions-sc-6nhkzi-3 oznwo eEPLov beans-buybox__price-and-actions"
                          >
                            <div
                              class="base-components__RootElement-sc-1mosoyj-1 styled__Container-sc-8qlq5b-0 jptQqM bgZrjw styled__StyledPrice-sc-6nhkzi-5 iYHeik beans-buybox__price beans-price__container"
                            >
                              <p
                                class="styled__StyledHeading-sc-119w3hf-2 jWPEtj styled__Text-sc-8qlq5b-1 lnaeiZ beans-price__text"
                              >
                                £2.75
                              </p>
                              <p
                                class="styled__StyledFootnote-sc-119w3hf-7 icrlVF styled__Subtext-sc-8qlq5b-2 bNJmdc beans-price__subtext"
                              >
                                £0.95/100g
                              </p>
                            </div>
                            <div
                              class="base-components__RootElement-sc-1mosoyj-1 styled__Container-vtxwzb-0 jptQqM bDFhXJ beans-buybox__actions beans-quantity-controls__container"
                            >
                              <div
                                class="base-components__RootElement-sc-1mosoyj-1 styled__Container-sc-16t2b2a-0 jptQqM PUfgZ styled__StyledFormGroup-vtxwzb-1 kzKuAr beans-quantity-controls__form-group beans-form-group__container"
                              >
                                <label
                                  class="styled__StyledLabel-sc-1ttuvhr-0 izGEjV beans-form-group__label beans-label"
                                  for="quantity-controls-303674907"
                                  >Quantity controls<!-- -->
                                </label>
                                <div
                                  class="base-components__BaseElement-sc-1mosoyj-0 styled__Children-sc-16t2b2a-3 oznwo gdJvjO beans-form-group__children"
                                >
                                  <div
                                    class="styled__StyledQuantityControlWrapper-vtxwzb-6 LCxOg"
                                  >
                                    <label
                                      id="quantity-controls-303674907-label"
                                      class="styled__VisuallyHiddenLabel-vtxwzb-7 gXlLiM"
                                      >Quantity of Tesco Chicken &amp; Bacon
                                      Layered Salad 290G</label
                                    >
                                    <div
                                      class="component__Wrapper-sc-1kpmik-3 dReplG input-wrapper"
                                    >
                                      <input
                                        type="number"
                                        class="base-components__RootElement-sc-1mosoyj-1 styled__StyledInput-sc-1jd5f57-0 component__StyledAsInput-sc-1kpmik-4 jptQqM eJLlow styled__StyledInput-vtxwzb-3 lwMHo beans-quantity-controls__input beans-input"
                                        data-auto="beans-quantity-controls-input"
                                        autocomplete="off"
                                        id="quantity-controls-303674907"
                                        maxlength="2"
                                        name="newValue"
                                        aria-labelledby="quantity-controls-303674907-label"
                                        value="1"
                                      />
                                    </div>
                                  </div>
                                  <button
                                    class="styled__BaseButton-rsekm1-0 styled__PrimaryButton-rsekm1-2 jChbeY geeWOF styled__StyledButton-vtxwzb-5 japAxb beans-quantity-controls__add-button beans-button__container"
                                    type="submit"
                                    data-auto="beans-quantity-controls-add-button"
                                    aria-label="Quantity of Tesco Chicken &amp; Bacon Layered Salad 290G"
                                  >
                                    <span
                                      class="base-components__BaseElement-sc-1mosoyj-0 styled__InnerContainer-rsekm1-1 oznwo fuFres beans-button__inner-container"
                                      ><span
                                        class="base-components__BaseElement-sc-1mosoyj-0 styled__TextSpan-rsekm1-4 oznwo GDiMp beans-button__text"
                                        >Add</span
                                      ></span
                                    >
                                  </button>
                                </div>
                              </div>
                            </div>
                          </div>
                        </div>
                        <input
                          type="hidden"
                          name="_csrf"
                          value="BeMqcJBE-zCJWuNH91oq73jFXs7WkHUAPSZM"
                        />
                      </form>
                    </div>
                  </div>
                </div>
              </div>
            </div>
            <div class="hidden-medium product-info-section-small">
              <div class="product-info-message-list"></div>
            </div>
          </div>
          <div class="styles__StyledPromotionsMobile-dvv1wj-6 Bxaeb">
            <div>
              <div
                class="styles__StyledPromotionsWithClubcardPriceContainer-sc-1vdpoop-0 bsPFbn"
              >
                <div class="styles__StyledClubcardLogo-sc-1vdpoop-2 elOZEB">
                  <div
                    class="styles__Wrapper-sc-1d2phhy-0 hgBuQG undefined special-offer-sash"
                  >
                    <span class="styles__CircleWrapper-sc-1d2phhy-2 hCbzjm"
                      ><strong class="styles__TextWrapper-sc-1d2phhy-1 bLXNGg"
                        >Clubcard Price</strong
                      ></span
                    >
                  </div>
                </div>
                <a href="/groceries/en-GB/promotions/88503462"
                  ><div
                    class="styles__ProductPromotionStyling-sc-1vdpoop-3 cKitpL"
                  >
                    <div
                      class="styles__StyledPromotionsOfferContent-sc-1vdpoop-1 cPSekc"
                    >
                      <span class="offer-text"
                        >£3 Meal Deal Clubcard Price £3.50 Meal Deal Regular
                        Price - Selected Drink, Snack, Wrap, Sandwich, Roll,
                        Pasty Or Salad</span
                      >
                    </div>
                    <span class="dates"
                      >Offer valid for delivery from 23/05/2022 until
                      23/10/2022</span
                    >
                  </div></a
                >
              </div>
            </div>
          </div>
        </div>
      </div>
    </div>
  </li>
  <li class="product-list--list-item">
    <div class="styles__StyledVerticalTileWrapper-dvv1wj-0 dtCNPH">
      <div
        data-auto="product-tile"
        data-auto-type="Quantity"
        data-auto-available="true"
        data-auto-is-restricted-disabled="false"
        data-auto-is-substitute="false"
        class="styles__StyledVerticalTile-dvv1wj-1 gSCsYK"
      >
        <div class="styles__StyledTileContentWrapper-dvv1wj-2 bkNhNP beans">
          <div
            id="tile-303673407"
            data-auto-id="303673407"
            class="styles__StyledTiledContent-dvv1wj-3 bcglTg"
          >
            <a
              href="/groceries/en-GB/products/303673407"
              aria-hidden="true"
              class="product-image-wrapper"
              tabindex="1"
              ><div class="product-image__container">
                <picture
                  ><img
                    class="styled__Image-sjvkdn-0 bJErKA product-image beans-responsive-image__image"
                    src="https://digitalcontent.api.tesco.com/v2/media/ghs/e571b5ca-43d7-49ab-a645-14339068b66b/e83e6a72-8240-4ddc-8e35-4235217dd4bf.jpeg?h=225&amp;w=225"
                    srcset="
                      https://digitalcontent.api.tesco.com/v2/media/ghs/e571b5ca-43d7-49ab-a645-14339068b66b/e83e6a72-8240-4ddc-8e35-4235217dd4bf.jpeg?h=225&amp;w=225  768w,
                      https://digitalcontent.api.tesco.com/v2/media/ghs/e571b5ca-43d7-49ab-a645-14339068b66b/e83e6a72-8240-4ddc-8e35-4235217dd4bf.jpeg?h=225&amp;w=225 4000w
                    "
                    alt="Tesco Ham Egg &amp; Coleslaw Salad 235G"
                /></picture></div
            ></a>
            <div class="product-details--wrapper">
              <h3 class="styles__H3-oa5soe-0 bCKNNq">
                <a
                  href="/groceries/en-GB/products/303673407"
                  class="styled__Anchor-sc-1xbujuz-0 csVOnh beans-link__anchor"
                  data-auto="product-tile--title"
                  ><span
                    class="styled__Text-sc-1xbujuz-1 ldbwMG beans-link__text"
                    >Tesco Ham Egg &amp; Coleslaw Salad 235G</span
                  ></a
                >
              </h3>
              <div class="styles__StyledProductDetailsContent-dvv1wj-5 ddRSrq">
                <a
                  href="/groceries/en-GB/reviews/submission/303673407?from=%2Fsearch%3Fquery%3Dseafood"
                  aria-label="Write a review for Tesco Ham Egg &amp; Coleslaw Salad 235G"
                  class="styled__Anchor-sc-1xbujuz-0 jSzuDt write-a-review-link beans-link__anchor"
                  data-auto="review-link"
                  ><span
                    class="styled__Text-sc-1xbujuz-1 fyDIEo beans-link__text"
                    >Write a review</span
                  ><span
                    class="styled__IconContainer-sc-1xbujuz-2 bSauSL beans-link__icon-container"
                    ><svg
                      aria-hidden="true"
                      class="styled__SVG-xxa4wh-1 hQMCqc beans-link__icon beans-icon__svg"
                      height="13.33"
                      preserveAspectRatio="xMinYMax meet"
                      viewBox="-1 0 12 20"
                      width="8"
                      xmlns="http://www.w3.org/2000/svg"
                      color="currentColor"
                    >
                      <path
                        d="M1.312 1.348L10.276 10l-8.964 8.644"
                        fill="none"
                        stroke="currentColor"
                      ></path></svg></span
                ></a>
                <div>
                  <a
                    href="/groceries/en-GB/shop/fresh-food/fresh-salad-coleslaw-and-sandwich-fillers/salad-pots-and-pasta-salad/meat-and-seafood-salad"
                    class="styled__Anchor-sc-1xbujuz-0 jSzuDt rest-of-shelf-link beans-link__anchor"
                    data-auto="rest-of-shelf-link"
                    ><span
                      class="styled__Text-sc-1xbujuz-1 fyDIEo beans-link__text"
                      >Rest of
                      <span class="visually-hidden"
                        >Meat &amp; Seafood Salad</span
                      >
                      shelf</span
                    ><span
                      class="styled__IconContainer-sc-1xbujuz-2 bSauSL beans-link__icon-container"
                      ><svg
                        aria-hidden="true"
                        class="styled__SVG-xxa4wh-1 hQMCqc beans-link__icon beans-icon__svg"
                        height="13.33"
                        preserveAspectRatio="xMinYMax meet"
                        viewBox="-1 0 12 20"
                        width="8"
                        xmlns="http://www.w3.org/2000/svg"
                        color="currentColor"
                      >
                        <path
                          d="M1.312 1.348L10.276 10l-8.964 8.644"
                          fill="none"
                          stroke="currentColor"
                        ></path></svg></span
                  ></a>
                </div>
                <div class="product-info-message-section">
                  <div class="product-info-message-list"></div>
                </div>
              </div>
              <div
                class="styles__StyledPromotionsWithBuyBoxWrapper-dvv1wj-8 cZskDh"
              >
                <div
                  class="styles__StyledPromotionsAboveMobile-dvv1wj-7 iPTMuo"
                >
                  <div
                    class="styles__StyledPromotionsWithClubcardPriceContainer-sc-1vdpoop-0 bsPFbn"
                  >
                    <div class="styles__StyledClubcardLogo-sc-1vdpoop-2 elOZEB">
                      <div
                        class="styles__Wrapper-sc-1d2phhy-0 hgBuQG undefined special-offer-sash"
                      >
                        <span class="styles__CircleWrapper-sc-1d2phhy-2 hCbzjm"
                          ><strong
                            class="styles__TextWrapper-sc-1d2phhy-1 bLXNGg"
                            >Clubcard Price</strong
                          ></span
                        >
                      </div>
                    </div>
                    <a href="/groceries/en-GB/promotions/88503462"
                      ><div
                        class="styles__ProductPromotionStyling-sc-1vdpoop-3 cKitpL"
                      >
                        <div
                          class="styles__StyledPromotionsOfferContent-sc-1vdpoop-1 cPSekc"
                        >
                          <span class="offer-text"
                            >£3 Meal Deal Clubcard Price £3.50 Meal Deal Regular
                            Price - Selected Drink, Snack, Wrap, Sandwich, Roll,
                            Pasty Or Salad</span
                          >
                        </div>
                        <span class="dates"
                          >Offer valid for delivery from 23/05/2022 until
                          23/10/2022</span
                        >
                      </div></a
                    >
                  </div>
                </div>
                <div class="styles__StyledBuyBoxWrapper-dvv1wj-4 dSvjUC">
                  <div
                    class="styles__StyledBuyBoxContainer-sc-1wx0qp6-0 erryje"
                    data-auto="buybox-container"
                  >
                    <div class="styles__SafeFormWrapper-jtpu2t-0 lcrYKS">
                      <form
                        action="/groceries/en-GB/trolley/items/303673407?_method=PUT"
                        method="POST"
                      >
                        <input type="submit" class="hidden" /><input
                          type="hidden"
                          name="id"
                          value="303673407"
                        /><input
                          type="hidden"
                          name="identifier"
                          value="Page"
                        /><input
                          type="hidden"
                          name="anchorId"
                          value="#tile-303673407"
                        /><input
                          type="hidden"
                          name="returnUrl"
                          value="/groceries/en-GB/search?query=seafood&amp;redirectIfUnavailable=true#tile-303673407"
                        /><input
                          type="hidden"
                          name="backToUrl"
                          value="#"
                        /><input
                          type="hidden"
                          name="oldValue"
                          value="0"
                        /><input
                          type="hidden"
                          name="oldUnitChoice"
                          value="pcs"
                        /><input
                          type="hidden"
                          name="newUnitChoice"
                          value="pcs"
                        />
                        <div
                          class="base-components__RootElement-sc-1mosoyj-1 styled__Container-sc-6nhkzi-0 jptQqM hSNpTb beans-buybox__container"
                        >
                          <div
                            class="base-components__BaseElement-sc-1mosoyj-0 styled__PriceAndActions-sc-6nhkzi-3 oznwo eEPLov beans-buybox__price-and-actions"
                          >
                            <div
                              class="base-components__RootElement-sc-1mosoyj-1 styled__Container-sc-8qlq5b-0 jptQqM bgZrjw styled__StyledPrice-sc-6nhkzi-5 iYHeik beans-buybox__price beans-price__container"
                            >
                              <p
                                class="styled__StyledHeading-sc-119w3hf-2 jWPEtj styled__Text-sc-8qlq5b-1 lnaeiZ beans-price__text"
                              >
                                £2.75
                              </p>
                              <p
                                class="styled__StyledFootnote-sc-119w3hf-7 icrlVF styled__Subtext-sc-8qlq5b-2 bNJmdc beans-price__subtext"
                              >
                                £1.18/100g
                              </p>
                            </div>
                            <div
                              class="base-components__RootElement-sc-1mosoyj-1 styled__Container-vtxwzb-0 jptQqM bDFhXJ beans-buybox__actions beans-quantity-controls__container"
                            >
                              <div
                                class="base-components__RootElement-sc-1mosoyj-1 styled__Container-sc-16t2b2a-0 jptQqM PUfgZ styled__StyledFormGroup-vtxwzb-1 kzKuAr beans-quantity-controls__form-group beans-form-group__container"
                              >
                                <label
                                  class="styled__StyledLabel-sc-1ttuvhr-0 izGEjV beans-form-group__label beans-label"
                                  for="quantity-controls-303673407"
                                  >Quantity controls<!-- -->
                                </label>
                                <div
                                  class="base-components__BaseElement-sc-1mosoyj-0 styled__Children-sc-16t2b2a-3 oznwo gdJvjO beans-form-group__children"
                                >
                                  <div
                                    class="styled__StyledQuantityControlWrapper-vtxwzb-6 LCxOg"
                                  >
                                    <label
                                      id="quantity-controls-303673407-label"
                                      class="styled__VisuallyHiddenLabel-vtxwzb-7 gXlLiM"
                                      >Quantity of Tesco Ham Egg &amp; Coleslaw
                                      Salad 235G</label
                                    >
                                    <div
                                      class="component__Wrapper-sc-1kpmik-3 dReplG input-wrapper"
                                    >
                                      <input
                                        type="number"
                                        class="base-components__RootElement-sc-1mosoyj-1 styled__StyledInput-sc-1jd5f57-0 component__StyledAsInput-sc-1kpmik-4 jptQqM eJLlow styled__StyledInput-vtxwzb-3 lwMHo beans-quantity-controls__input beans-input"
                                        data-auto="beans-quantity-controls-input"
                                        autocomplete="off"
                                        id="quantity-controls-303673407"
                                        maxlength="2"
                                        name="newValue"
                                        aria-labelledby="quantity-controls-303673407-label"
                                        value="1"
                                      />
                                    </div>
                                  </div>
                                  <button
                                    class="styled__BaseButton-rsekm1-0 styled__PrimaryButton-rsekm1-2 jChbeY geeWOF styled__StyledButton-vtxwzb-5 japAxb beans-quantity-controls__add-button beans-button__container"
                                    type="submit"
                                    data-auto="beans-quantity-controls-add-button"
                                    aria-label="Quantity of Tesco Ham Egg &amp; Coleslaw Salad 235G"
                                  >
                                    <span
                                      class="base-components__BaseElement-sc-1mosoyj-0 styled__InnerContainer-rsekm1-1 oznwo fuFres beans-button__inner-container"
                                      ><span
                                        class="base-components__BaseElement-sc-1mosoyj-0 styled__TextSpan-rsekm1-4 oznwo GDiMp beans-button__text"
                                        >Add</span
                                      ></span
                                    >
                                  </button>
                                </div>
                              </div>
                            </div>
                          </div>
                        </div>
                        <input
                          type="hidden"
                          name="_csrf"
                          value="BeMqcJBE-zCJWuNH91oq73jFXs7WkHUAPSZM"
                        />
                      </form>
                    </div>
                  </div>
                </div>
              </div>
            </div>
            <div class="hidden-medium product-info-section-small">
              <div class="product-info-message-list"></div>
            </div>
          </div>
          <div class="styles__StyledPromotionsMobile-dvv1wj-6 Bxaeb">
            <div>
              <div
                class="styles__StyledPromotionsWithClubcardPriceContainer-sc-1vdpoop-0 bsPFbn"
              >
                <div class="styles__StyledClubcardLogo-sc-1vdpoop-2 elOZEB">
                  <div
                    class="styles__Wrapper-sc-1d2phhy-0 hgBuQG undefined special-offer-sash"
                  >
                    <span class="styles__CircleWrapper-sc-1d2phhy-2 hCbzjm"
                      ><strong class="styles__TextWrapper-sc-1d2phhy-1 bLXNGg"
                        >Clubcard Price</strong
                      ></span
                    >
                  </div>
                </div>
                <a href="/groceries/en-GB/promotions/88503462"
                  ><div
                    class="styles__ProductPromotionStyling-sc-1vdpoop-3 cKitpL"
                  >
                    <div
                      class="styles__StyledPromotionsOfferContent-sc-1vdpoop-1 cPSekc"
                    >
                      <span class="offer-text"
                        >£3 Meal Deal Clubcard Price £3.50 Meal Deal Regular
                        Price - Selected Drink, Snack, Wrap, Sandwich, Roll,
                        Pasty Or Salad</span
                      >
                    </div>
                    <span class="dates"
                      >Offer valid for delivery from 23/05/2022 until
                      23/10/2022</span
                    >
                  </div></a
                >
              </div>
            </div>
          </div>
        </div>
      </div>
    </div>
  </li>
  <li class="product-list--list-item">
    <div class="styles__StyledVerticalTileWrapper-dvv1wj-0 dtCNPH">
      <div
        data-auto="product-tile"
        data-auto-type="Quantity"
        data-auto-available="true"
        data-auto-is-restricted-disabled="false"
        data-auto-is-substitute="false"
        class="styles__StyledVerticalTile-dvv1wj-1 gSCsYK"
      >
        <div class="styles__StyledTileContentWrapper-dvv1wj-2 bkNhNP beans">
          <div
            id="tile-302638538"
            data-auto-id="302638538"
            class="styles__StyledTiledContent-dvv1wj-3 bcglTg"
          >
            <a
              href="/groceries/en-GB/products/302638538"
              aria-hidden="true"
              class="product-image-wrapper"
              tabindex="1"
              ><div class="product-image__container">
                <picture
                  ><img
                    class="styled__Image-sjvkdn-0 bJErKA product-image beans-responsive-image__image"
                    src="https://digitalcontent.api.tesco.com/v2/media/ghs/46097b4d-49d2-448e-a278-1e2c5b72a914/9f02f02c-6ede-45eb-ab4a-a4ad37c4ea8e_1885246459.jpeg?h=225&amp;w=225"
                    srcset="
                      https://digitalcontent.api.tesco.com/v2/media/ghs/46097b4d-49d2-448e-a278-1e2c5b72a914/9f02f02c-6ede-45eb-ab4a-a4ad37c4ea8e_1885246459.jpeg?h=225&amp;w=225  768w,
                      https://digitalcontent.api.tesco.com/v2/media/ghs/46097b4d-49d2-448e-a278-1e2c5b72a914/9f02f02c-6ede-45eb-ab4a-a4ad37c4ea8e_1885246459.jpeg?h=225&amp;w=225 4000w
                    "
                    alt="Kingfisher Jumbo Crab 145G"
                /></picture></div
            ></a>
            <div class="product-details--wrapper">
              <h3 class="styles__H3-oa5soe-0 bCKNNq">
                <a
                  href="/groceries/en-GB/products/302638538"
                  class="styled__Anchor-sc-1xbujuz-0 csVOnh beans-link__anchor"
                  data-auto="product-tile--title"
                  ><span
                    class="styled__Text-sc-1xbujuz-1 ldbwMG beans-link__text"
                    >Kingfisher Jumbo Crab 145G</span
                  ></a
                >
              </h3>
              <div
                class="styles__StyledPromotionsAboveMobile-dvv1wj-7 iPTMuo"
              ></div>
              <div class="styles__StyledProductDetailsContent-dvv1wj-5 ddRSrq">
                <a
                  href="/groceries/en-GB/reviews/submission/302638538?from=%2Fsearch%3Fquery%3Dseafood"
                  aria-label="Write a review for Kingfisher Jumbo Crab 145G"
                  class="styled__Anchor-sc-1xbujuz-0 jSzuDt write-a-review-link beans-link__anchor"
                  data-auto="review-link"
                  ><span
                    class="styled__Text-sc-1xbujuz-1 fyDIEo beans-link__text"
                    >Write a review</span
                  ><span
                    class="styled__IconContainer-sc-1xbujuz-2 bSauSL beans-link__icon-container"
                    ><svg
                      aria-hidden="true"
                      class="styled__SVG-xxa4wh-1 hQMCqc beans-link__icon beans-icon__svg"
                      height="13.33"
                      preserveAspectRatio="xMinYMax meet"
                      viewBox="-1 0 12 20"
                      width="8"
                      xmlns="http://www.w3.org/2000/svg"
                      color="currentColor"
                    >
                      <path
                        d="M1.312 1.348L10.276 10l-8.964 8.644"
                        fill="none"
                        stroke="currentColor"
                      ></path></svg></span
                ></a>
                <div>
                  <a
                    href="/groceries/en-GB/shop/food-cupboard/tins-cans-and-packets/tinned-fish-and-seafood/tinned-seafood"
                    class="styled__Anchor-sc-1xbujuz-0 jSzuDt rest-of-shelf-link beans-link__anchor"
                    data-auto="rest-of-shelf-link"
                    ><span
                      class="styled__Text-sc-1xbujuz-1 fyDIEo beans-link__text"
                      >Rest of
                      <span class="visually-hidden">Tinned Seafood</span>
                      shelf</span
                    ><span
                      class="styled__IconContainer-sc-1xbujuz-2 bSauSL beans-link__icon-container"
                      ><svg
                        aria-hidden="true"
                        class="styled__SVG-xxa4wh-1 hQMCqc beans-link__icon beans-icon__svg"
                        height="13.33"
                        preserveAspectRatio="xMinYMax meet"
                        viewBox="-1 0 12 20"
                        width="8"
                        xmlns="http://www.w3.org/2000/svg"
                        color="currentColor"
                      >
                        <path
                          d="M1.312 1.348L10.276 10l-8.964 8.644"
                          fill="none"
                          stroke="currentColor"
                        ></path></svg></span
                  ></a>
                </div>
                <div class="product-info-message-section">
                  <div class="product-info-message-list">
                    <div class="styled__WhiteBackground-sc-9yzfq2-1 jthPIJ">
                      <svg
                        width="56"
                        height="56"
                        viewBox="0 0 56 56"
                        fill="none"
                        xmlns="http://www.w3.org/2000/svg"
                      >
                        <path
                          d="M47.3812 23.9997C47.3812 36.9128 36.913 47.3809 23.9999 47.3809C11.0869 47.3809 0.618652 36.9128 0.618652 23.9997C0.618652 11.0866 11.0869 0.618412 23.9999 0.618412C36.913 0.618412 47.3812 11.0866 47.3812 23.9997Z"
                          fill="white"
                        ></path>
                        <path
                          d="M47.2669 24.0006C47.2669 36.8253 36.8706 47.2217 24.046 47.2217C11.2214 47.2217 0.73291 36.9173 0.73291 24.0926C0.73291 11.2678 11.2214 0.77932 24.046 0.77932C36.8706 0.77932 47.2669 11.1758 47.2669 24.0006Z"
                          fill="white"
                        ></path>
                        <path
                          d="M40.5112 24.4162H39.8523C39.8519 28.7959 38.0789 32.7545 35.2089 35.6251C32.3383 38.4946 28.3799 40.2678 24.0004 40.268C19.6209 40.2678 15.662 38.4946 12.7914 35.6251C9.92179 32.7545 8.14879 28.7959 8.14848 24.4162C8.14879 20.0367 9.92179 16.0782 12.7914 13.2075C15.662 10.3379 19.6209 8.565 24.0004 8.56473C28.3799 8.565 32.3383 10.3379 35.2089 13.2075C38.0789 16.0782 39.8519 20.0367 39.8523 24.4162H40.5112H41.1701C41.1697 14.9333 33.4831 7.2471 24.0004 7.24669C14.5175 7.2471 6.83099 14.9333 6.83057 24.4162C6.83099 33.8993 14.5175 41.5855 24.0004 41.5859C33.4831 41.5855 41.1697 33.8993 41.1701 24.4162H40.5112Z"
                          fill="#040606"
                        ></path>
                        <path
                          d="M46.5795 24.0003H45.9377C45.9373 30.0604 43.483 35.5404 39.5122 39.5124C35.5401 43.4833 30.06 45.9373 24.0003 45.9377C17.9403 45.9373 12.4601 43.4833 8.48825 39.5124C4.51756 35.5404 2.06321 30.0604 2.06284 24.0003C2.06321 17.9406 4.51756 12.4603 8.48825 8.48857C12.4601 4.51752 17.9403 2.06367 24.0003 2.06327C30.06 2.06367 35.5401 4.51752 39.5122 8.48857C43.483 12.4603 45.9373 17.9406 45.9377 24.0003H46.5795H47.2216C47.221 11.1753 36.8253 0.779591 24.0003 0.77932C11.1753 0.779591 0.779601 11.1753 0.778809 24.0003C0.779601 36.8256 11.1753 47.2214 24.0003 47.2217C36.8253 47.2214 47.221 36.8256 47.2216 24.0003H46.5795Z"
                          fill="#EE2742"
                        ></path>
                        <path
                          d="M38.9616 9.03867C42.7926 12.8723 45.158 18.1525 45.1588 23.9999C45.158 29.8475 42.7926 35.1277 38.9615 38.9615C35.1276 42.7928 29.8473 45.1577 24.0001 45.1585C18.1525 45.1577 12.8723 42.7928 9.03866 38.9613C5.20759 35.1277 2.84225 29.8475 2.84141 23.9999C2.84225 18.1525 5.20759 12.8723 9.03882 9.03867C12.8723 5.20738 18.1525 2.84242 24.0003 2.84161C29.8473 2.84242 35.1275 5.20738 38.9616 9.03867ZM48.0003 23.2212H47.9863C47.574 10.3265 36.9948 0.000953421 24.0001 0.000141651C10.7448 0.00108872 0.00126839 10.7446 0 23.9999C0.00126839 37.2556 10.7448 47.999 24.0001 48C36.9948 47.9992 47.574 37.6736 47.9863 24.7785H48.0003V24.0019C48.0003 24.0012 48.0003 24.0005 48.0003 24V23.2212Z"
                          fill="#EE2742"
                        ></path>
                        <path
                          d="M43.7523 30.792H10.9861L10.5169 29.0828H4.30322V18.3235H43.7523V30.792Z"
                          fill="white"
                        ></path>
                        <path
                          d="M18.3762 17.2768H20.8701V18.2578H17.3135V12.5344H18.3762V17.2768Z"
                          fill="#040606"
                        ></path>
                        <path
                          d="M22.3756 17.0477C22.5852 17.277 22.8593 17.3912 23.1974 17.3912C23.5353 17.3912 23.8092 17.277 24.019 17.0477C24.2289 16.819 24.3337 16.5195 24.3337 16.1485C24.3337 15.7778 24.2289 15.478 24.019 15.2491C23.8092 15.0201 23.5353 14.9056 23.1974 14.9056C22.8593 14.9056 22.5852 15.0201 22.3756 15.2491C22.1658 15.478 22.0609 15.7778 22.0609 16.1485C22.0609 16.5195 22.1658 16.819 22.3756 17.0477ZM21.3004 15.0325C21.4802 14.7027 21.735 14.4438 22.065 14.2557C22.3947 14.0677 22.7721 13.9736 23.1974 13.9736C23.6225 13.9736 23.9999 14.0677 24.3297 14.2557C24.6594 14.4438 24.9141 14.7027 25.0943 15.0325C25.2742 15.3623 25.3639 15.7344 25.3639 16.1485C25.3639 16.5628 25.2742 16.9348 25.0943 17.2646C24.9141 17.5944 24.6594 17.8532 24.3297 18.0414C23.9999 18.2295 23.6225 18.3232 23.1974 18.3232C22.7721 18.3232 22.3947 18.2295 22.065 18.0414C21.735 17.8532 21.4802 17.5944 21.3004 17.2646C21.1205 16.9348 21.0308 16.5628 21.0308 16.1485C21.0308 15.7344 21.1205 15.3623 21.3004 15.0325Z"
                          fill="#040606"
                        ></path>
                        <path
                          d="M30.1263 18.2578H29.145L28.4339 15.4943L27.7225 18.2578H26.7411L25.4248 14.039H26.4141L27.2153 16.8024L27.9431 14.039H28.9245L29.6522 16.8024L30.4533 14.039H31.4426L30.1263 18.2578Z"
                          fill="#040606"
                        ></path>
                        <path
                          d="M18.0825 33.0868C18.2357 32.9529 18.3121 32.7552 18.3121 32.4933C18.3121 32.2312 18.2357 32.0335 18.0825 31.8996C17.9301 31.7658 17.7224 31.6994 17.4605 31.6994H16.5027V33.287H17.4605C17.7224 33.287 17.9301 33.2206 18.0825 33.0868ZM16.5027 36.4473H15.4385V30.7164H17.5426C17.9244 30.7164 18.2548 30.7944 18.5331 30.95C18.8114 31.1058 19.0243 31.3182 19.1715 31.5886C19.319 31.8587 19.3923 32.1602 19.3923 32.4933C19.3923 32.826 19.319 33.1278 19.1715 33.3979C19.0243 33.6678 18.8114 33.8807 18.5331 34.0362C18.2548 34.1918 17.9244 34.2697 17.5426 34.2697H16.5027V36.4473Z"
                          fill="#040606"
                        ></path>
                        <path
                          d="M19.8657 32.2232H20.881V32.8617C21.0007 32.6323 21.17 32.4578 21.3886 32.3378C21.6068 32.2175 21.8498 32.1576 22.117 32.1576C22.3953 32.1576 22.6137 32.2201 22.7721 32.3457L22.4281 33.2055C22.2859 33.1289 22.1361 33.0906 21.9779 33.0906C21.6611 33.0906 21.3992 33.2275 21.192 33.5C20.9847 33.773 20.881 34.1931 20.881 34.7609V36.4473H19.8657V32.2232Z"
                          fill="#040606"
                        ></path>
                        <path
                          d="M24.176 36.4473H23.1607V32.2232H24.176V36.4473ZM23.2019 30.7412C23.3273 30.6156 23.4829 30.5529 23.6684 30.5529C23.8536 30.5529 24.0094 30.6156 24.135 30.7412C24.2604 30.8669 24.3232 31.0222 24.3232 31.2077C24.3232 31.3936 24.2604 31.5488 24.135 31.6746C24.0094 31.8 23.8536 31.8628 23.6684 31.8628C23.4829 31.8628 23.3273 31.8 23.2019 31.6746C23.0764 31.5488 23.0137 31.3936 23.0137 31.2077C23.0137 31.0222 23.0764 30.8669 23.2019 30.7412Z"
                          fill="#040606"
                        ></path>
                        <path
                          d="M25.8191 36.2343C25.4966 36.0492 25.2462 35.7915 25.0659 35.4611C24.8857 35.1309 24.7959 34.7557 24.7959 34.3352C24.7959 33.9151 24.8857 33.5396 25.0659 33.2096C25.2462 32.8794 25.4966 32.6214 25.8191 32.4359C26.1407 32.2504 26.5095 32.1577 26.9241 32.1577C27.8628 32.1577 28.4985 32.5424 28.8316 33.3121L27.9066 33.7294C27.6939 33.3035 27.3662 33.0907 26.9241 33.0907C26.6076 33.0907 26.3457 33.2056 26.138 33.4348C25.9309 33.6635 25.8271 33.964 25.8271 34.3352C25.8271 34.7065 25.9309 35.0066 26.138 35.2355C26.3457 35.4651 26.6076 35.5796 26.9241 35.5796C27.3662 35.5796 27.6939 35.3667 27.9066 34.9413L28.8316 35.3588C28.4985 36.1282 27.8628 36.5127 26.9241 36.5127C26.5095 36.5127 26.1407 36.4202 25.8191 36.2343Z"
                          fill="#040606"
                        ></path>
                        <path
                          d="M32.1759 33.8603C32.1377 33.6203 32.0274 33.4238 31.8445 33.2713C31.6617 33.118 31.4312 33.0416 31.1528 33.0416C30.9178 33.0416 30.7076 33.1142 30.5225 33.2587C30.3369 33.4032 30.2084 33.604 30.1373 33.8603H32.1759ZM33.216 34.6624H30.0966C30.151 34.9734 30.2791 35.21 30.4814 35.371C30.6832 35.5321 30.9289 35.6123 31.2182 35.6123C31.4582 35.6123 31.6586 35.5621 31.8197 35.4611C31.981 35.3597 32.1351 35.2059 32.2824 34.9982L33.1422 35.4651C32.9345 35.8037 32.6714 36.0625 32.3517 36.2427C32.0327 36.4226 31.6357 36.5127 31.1608 36.5127C30.7133 36.5127 30.3297 36.4082 30.0106 36.1979C29.6913 35.9875 29.4525 35.7161 29.2943 35.383C29.1359 35.0503 29.0571 34.7009 29.0571 34.3352C29.0571 33.9697 29.1399 33.6203 29.3065 33.2872C29.473 32.9545 29.7145 32.6831 30.0313 32.4728C30.3476 32.2626 30.7217 32.1577 31.1528 32.1577C31.5889 32.1577 31.9631 32.2557 32.2742 32.4523C32.5852 32.6488 32.8197 32.9067 32.9782 33.226C33.1365 33.545 33.216 33.8849 33.216 34.2453V34.6624Z"
                          fill="#040606"
                        ></path>
                        <path
                          d="M9.13617 21.298H6.03734V22.8016H8.52242V24.0285H6.03734V26.0024H9.23843V27.2295H4.70801V20.0709H9.13617V21.298Z"
                          fill="#040606"
                        ></path>
                        <path
                          d="M9.25439 21.9527H10.5327L11.7802 25.4808L13.0281 21.9527H14.3065L12.3532 27.2295H11.2076L9.25439 21.9527Z"
                          fill="#040606"
                        ></path>
                        <path
                          d="M18.1491 23.9973C18.1012 23.6974 17.963 23.4521 17.7347 23.261C17.5062 23.0701 17.2182 22.9747 16.8707 22.9747C16.5772 22.9747 16.3147 23.065 16.0828 23.2456C15.8514 23.4262 15.6909 23.6768 15.6023 23.9973H18.1491ZM19.4475 24.9994H15.5513C15.6193 25.3881 15.7795 25.6829 16.032 25.884C16.284 26.0852 16.5909 26.186 16.9524 26.186C17.2521 26.186 17.5026 26.1228 17.7037 25.9966C17.9049 25.8703 18.0977 25.6779 18.2817 25.4187L19.3555 26.0018C19.0961 26.4242 18.7676 26.7483 18.3688 26.9734C17.9699 27.1981 17.4737 27.3105 16.8807 27.3105C16.3216 27.3105 15.8426 27.1794 15.4437 26.9167C15.0453 26.6544 14.7468 26.3152 14.5491 25.8993C14.3513 25.4837 14.2524 25.0473 14.2524 24.5906C14.2524 24.1337 14.3562 23.6974 14.5643 23.2816C14.7722 22.8656 15.0741 22.5264 15.4696 22.264C15.865 22.0016 16.3319 21.8703 16.8707 21.8703C17.4159 21.8703 17.8828 21.993 18.2715 22.2385C18.6601 22.4839 18.9531 22.8059 19.1509 23.2047C19.3486 23.6036 19.4475 24.028 19.4475 24.478V24.9994Z"
                          fill="#040606"
                        ></path>
                        <path
                          d="M20.1338 21.9527H21.4018V22.7501C21.5515 22.4639 21.7634 22.2458 22.036 22.0959C22.3087 21.9458 22.612 21.8709 22.9463 21.8709C23.2937 21.8709 23.5665 21.9492 23.7642 22.1059L23.3349 23.1797C23.1574 23.0845 22.9698 23.0366 22.772 23.0366C22.3767 23.0366 22.0497 23.207 21.7903 23.5478C21.5315 23.8889 21.4018 24.4139 21.4018 25.1227V27.2295H20.1338V21.9527Z"
                          fill="#040606"
                        ></path>
                        <path
                          d="M25.7172 26.9022L23.8047 21.9528H25.0831L26.3206 25.3068L27.4865 21.9528H28.7545L26.0545 29.3154H24.8275L25.7172 26.9022Z"
                          fill="#040606"
                        ></path>
                        <path
                          d="M32.1759 25.7254C32.4245 25.446 32.5493 25.0676 32.5493 24.5906C32.5493 24.1133 32.4245 23.735 32.1759 23.4553C31.9268 23.1759 31.6152 23.036 31.2402 23.036C30.865 23.036 30.5531 23.1759 30.3045 23.4553C30.0554 23.735 29.9311 24.1133 29.9311 24.5906C29.9311 25.0676 30.0554 25.446 30.3045 25.7254C30.5531 26.0054 30.865 26.1448 31.2402 26.1448C31.6152 26.1448 31.9268 26.0054 32.1759 25.7254ZM29.7573 26.9631C29.403 26.7312 29.125 26.4072 28.9239 25.9916C28.7227 25.5757 28.6221 25.1086 28.6221 24.5906C28.6221 24.0656 28.7192 23.5968 28.9136 23.1845C29.1081 22.7719 29.3789 22.4498 29.727 22.2179C30.0745 21.9864 30.4733 21.8703 30.9232 21.8703C31.2775 21.8703 31.5877 21.9335 31.8535 22.0596C32.1196 22.1857 32.3243 22.3646 32.4673 22.5963V19.9886H33.7353V27.229H32.4673V26.5947C32.317 26.8062 32.1128 26.9783 31.8535 27.1111C31.5945 27.2441 31.2878 27.3105 30.9335 27.3105C30.5042 27.3105 30.1117 27.1947 29.7573 26.9631Z"
                          fill="#040606"
                        ></path>
                        <path
                          d="M37.3676 25.9197C37.603 25.7151 37.7204 25.4631 37.7204 25.1631V25.02H36.7184C36.4252 25.02 36.1916 25.0763 36.0177 25.1887C35.844 25.3011 35.7569 25.4562 35.7569 25.654C35.7569 25.838 35.8201 25.9794 35.9462 26.0784C36.0721 26.1772 36.258 26.2267 36.5037 26.2267C36.8444 26.2267 37.1326 26.1244 37.3676 25.9197ZM35.3272 27.1267C35.0547 27.0038 34.8363 26.8247 34.6729 26.5897C34.5093 26.3544 34.4277 26.073 34.4277 25.746C34.4277 25.2278 34.6219 24.8106 35.0105 24.4933C35.3992 24.1764 35.9241 24.0177 36.5854 24.0177H37.7204V23.8336C37.7204 23.5679 37.6284 23.3549 37.4444 23.1945C37.2603 23.0344 37.0113 22.9542 36.698 22.9542C36.4455 22.9542 36.2173 23.0207 36.0129 23.1536C35.8083 23.2866 35.6546 23.4419 35.5523 23.619L34.5809 23.036C34.7649 22.7021 35.0375 22.4244 35.3992 22.2028C35.7603 21.981 36.1931 21.8703 36.698 21.8703C37.4205 21.8703 37.9827 22.0439 38.385 22.3916C38.7873 22.7395 38.9885 23.2405 38.9885 23.8952V27.229H37.9455L37.7718 26.554C37.6009 26.7859 37.3846 26.97 37.1223 27.1061C36.8595 27.2425 36.5512 27.3105 36.1969 27.3105C35.8899 27.3105 35.6003 27.2494 35.3272 27.1267Z"
                          fill="#040606"
                        ></path>
                        <path
                          d="M40.9395 26.9022L39.0273 21.9528H40.3056L41.5429 25.3068L42.7087 21.9528H43.9767L41.2772 29.3154H40.0498L40.9395 26.9022Z"
                          fill="#040606"
                        ></path>
                      </svg>
                      <p
                        class="styled__StyledBodyText-sc-119w3hf-5 ggtTyf styled__DarkGreyBodyText-sc-9yzfq2-2 lmkdDf"
                      >
                        Low Everyday Price
                      </p>
                    </div>
                  </div>
                </div>
              </div>
              <div class="styles__StyledBuyBoxWrapper-dvv1wj-4 dSvjUC">
                <div
                  class="styles__StyledBuyBoxContainer-sc-1wx0qp6-0 erryje"
                  data-auto="buybox-container"
                >
                  <div class="styles__SafeFormWrapper-jtpu2t-0 lcrYKS">
                    <form
                      action="/groceries/en-GB/trolley/items/302638538?_method=PUT"
                      method="POST"
                    >
                      <input type="submit" class="hidden" /><input
                        type="hidden"
                        name="id"
                        value="302638538"
                      /><input
                        type="hidden"
                        name="identifier"
                        value="Page"
                      /><input
                        type="hidden"
                        name="anchorId"
                        value="#tile-302638538"
                      /><input
                        type="hidden"
                        name="returnUrl"
                        value="/groceries/en-GB/search?query=seafood&amp;redirectIfUnavailable=true#tile-302638538"
                      /><input type="hidden" name="backToUrl" value="#" /><input
                        type="hidden"
                        name="oldValue"
                        value="0"
                      /><input
                        type="hidden"
                        name="oldUnitChoice"
                        value="pcs"
                      /><input type="hidden" name="newUnitChoice" value="pcs" />
                      <div
                        class="base-components__RootElement-sc-1mosoyj-1 styled__Container-sc-6nhkzi-0 jptQqM hSNpTb beans-buybox__container"
                      >
                        <div
                          class="base-components__BaseElement-sc-1mosoyj-0 styled__PriceAndActions-sc-6nhkzi-3 oznwo eEPLov beans-buybox__price-and-actions"
                        >
                          <div
                            class="base-components__RootElement-sc-1mosoyj-1 styled__Container-sc-8qlq5b-0 jptQqM bgZrjw styled__StyledPrice-sc-6nhkzi-5 iYHeik beans-buybox__price beans-price__container"
                          >
                            <p
                              class="styled__StyledHeading-sc-119w3hf-2 jWPEtj styled__Text-sc-8qlq5b-1 lnaeiZ beans-price__text"
                            >
                              £3.10
                            </p>
                            <p
                              class="styled__StyledFootnote-sc-119w3hf-7 icrlVF styled__Subtext-sc-8qlq5b-2 bNJmdc beans-price__subtext"
                            >
                              £2.96/100g DR.WT
                            </p>
                          </div>
                          <div
                            class="base-components__RootElement-sc-1mosoyj-1 styled__Container-vtxwzb-0 jptQqM bDFhXJ beans-buybox__actions beans-quantity-controls__container"
                          >
                            <div
                              class="base-components__RootElement-sc-1mosoyj-1 styled__Container-sc-16t2b2a-0 jptQqM PUfgZ styled__StyledFormGroup-vtxwzb-1 kzKuAr beans-quantity-controls__form-group beans-form-group__container"
                            >
                              <label
                                class="styled__StyledLabel-sc-1ttuvhr-0 izGEjV beans-form-group__label beans-label"
                                for="quantity-controls-302638538"
                                >Quantity controls<!-- -->
                              </label>
                              <div
                                class="base-components__BaseElement-sc-1mosoyj-0 styled__Children-sc-16t2b2a-3 oznwo gdJvjO beans-form-group__children"
                              >
                                <div
                                  class="styled__StyledQuantityControlWrapper-vtxwzb-6 LCxOg"
                                >
                                  <label
                                    id="quantity-controls-302638538-label"
                                    class="styled__VisuallyHiddenLabel-vtxwzb-7 gXlLiM"
                                    >Quantity of Kingfisher Jumbo Crab
                                    145G</label
                                  >
                                  <div
                                    class="component__Wrapper-sc-1kpmik-3 dReplG input-wrapper"
                                  >
                                    <input
                                      type="number"
                                      class="base-components__RootElement-sc-1mosoyj-1 styled__StyledInput-sc-1jd5f57-0 component__StyledAsInput-sc-1kpmik-4 jptQqM eJLlow styled__StyledInput-vtxwzb-3 lwMHo beans-quantity-controls__input beans-input"
                                      data-auto="beans-quantity-controls-input"
                                      autocomplete="off"
                                      id="quantity-controls-302638538"
                                      maxlength="2"
                                      name="newValue"
                                      aria-labelledby="quantity-controls-302638538-label"
                                      value="1"
                                    />
                                  </div>
                                </div>
                                <button
                                  class="styled__BaseButton-rsekm1-0 styled__PrimaryButton-rsekm1-2 jChbeY geeWOF styled__StyledButton-vtxwzb-5 japAxb beans-quantity-controls__add-button beans-button__container"
                                  type="submit"
                                  data-auto="beans-quantity-controls-add-button"
                                  aria-label="Quantity of Kingfisher Jumbo Crab 145G"
                                >
                                  <span
                                    class="base-components__BaseElement-sc-1mosoyj-0 styled__InnerContainer-rsekm1-1 oznwo fuFres beans-button__inner-container"
                                    ><span
                                      class="base-components__BaseElement-sc-1mosoyj-0 styled__TextSpan-rsekm1-4 oznwo GDiMp beans-button__text"
                                      >Add</span
                                    ></span
                                  >
                                </button>
                              </div>
                            </div>
                          </div>
                        </div>
                      </div>
                      <input
                        type="hidden"
                        name="_csrf"
                        value="BeMqcJBE-zCJWuNH91oq73jFXs7WkHUAPSZM"
                      />
                    </form>
                  </div>
                </div>
              </div>
            </div>
            <div class="hidden-medium product-info-section-small">
              <div class="product-info-message-list">
                <div class="styled__WhiteBackground-sc-9yzfq2-1 jthPIJ">
                  <svg
                    width="56"
                    height="56"
                    viewBox="0 0 56 56"
                    fill="none"
                    xmlns="http://www.w3.org/2000/svg"
                  >
                    <path
                      d="M47.3812 23.9997C47.3812 36.9128 36.913 47.3809 23.9999 47.3809C11.0869 47.3809 0.618652 36.9128 0.618652 23.9997C0.618652 11.0866 11.0869 0.618412 23.9999 0.618412C36.913 0.618412 47.3812 11.0866 47.3812 23.9997Z"
                      fill="white"
                    ></path>
                    <path
                      d="M47.2669 24.0006C47.2669 36.8253 36.8706 47.2217 24.046 47.2217C11.2214 47.2217 0.73291 36.9173 0.73291 24.0926C0.73291 11.2678 11.2214 0.77932 24.046 0.77932C36.8706 0.77932 47.2669 11.1758 47.2669 24.0006Z"
                      fill="white"
                    ></path>
                    <path
                      d="M40.5112 24.4162H39.8523C39.8519 28.7959 38.0789 32.7545 35.2089 35.6251C32.3383 38.4946 28.3799 40.2678 24.0004 40.268C19.6209 40.2678 15.662 38.4946 12.7914 35.6251C9.92179 32.7545 8.14879 28.7959 8.14848 24.4162C8.14879 20.0367 9.92179 16.0782 12.7914 13.2075C15.662 10.3379 19.6209 8.565 24.0004 8.56473C28.3799 8.565 32.3383 10.3379 35.2089 13.2075C38.0789 16.0782 39.8519 20.0367 39.8523 24.4162H40.5112H41.1701C41.1697 14.9333 33.4831 7.2471 24.0004 7.24669C14.5175 7.2471 6.83099 14.9333 6.83057 24.4162C6.83099 33.8993 14.5175 41.5855 24.0004 41.5859C33.4831 41.5855 41.1697 33.8993 41.1701 24.4162H40.5112Z"
                      fill="#040606"
                    ></path>
                    <path
                      d="M46.5795 24.0003H45.9377C45.9373 30.0604 43.483 35.5404 39.5122 39.5124C35.5401 43.4833 30.06 45.9373 24.0003 45.9377C17.9403 45.9373 12.4601 43.4833 8.48825 39.5124C4.51756 35.5404 2.06321 30.0604 2.06284 24.0003C2.06321 17.9406 4.51756 12.4603 8.48825 8.48857C12.4601 4.51752 17.9403 2.06367 24.0003 2.06327C30.06 2.06367 35.5401 4.51752 39.5122 8.48857C43.483 12.4603 45.9373 17.9406 45.9377 24.0003H46.5795H47.2216C47.221 11.1753 36.8253 0.779591 24.0003 0.77932C11.1753 0.779591 0.779601 11.1753 0.778809 24.0003C0.779601 36.8256 11.1753 47.2214 24.0003 47.2217C36.8253 47.2214 47.221 36.8256 47.2216 24.0003H46.5795Z"
                      fill="#EE2742"
                    ></path>
                    <path
                      d="M38.9616 9.03867C42.7926 12.8723 45.158 18.1525 45.1588 23.9999C45.158 29.8475 42.7926 35.1277 38.9615 38.9615C35.1276 42.7928 29.8473 45.1577 24.0001 45.1585C18.1525 45.1577 12.8723 42.7928 9.03866 38.9613C5.20759 35.1277 2.84225 29.8475 2.84141 23.9999C2.84225 18.1525 5.20759 12.8723 9.03882 9.03867C12.8723 5.20738 18.1525 2.84242 24.0003 2.84161C29.8473 2.84242 35.1275 5.20738 38.9616 9.03867ZM48.0003 23.2212H47.9863C47.574 10.3265 36.9948 0.000953421 24.0001 0.000141651C10.7448 0.00108872 0.00126839 10.7446 0 23.9999C0.00126839 37.2556 10.7448 47.999 24.0001 48C36.9948 47.9992 47.574 37.6736 47.9863 24.7785H48.0003V24.0019C48.0003 24.0012 48.0003 24.0005 48.0003 24V23.2212Z"
                      fill="#EE2742"
                    ></path>
                    <path
                      d="M43.7523 30.792H10.9861L10.5169 29.0828H4.30322V18.3235H43.7523V30.792Z"
                      fill="white"
                    ></path>
                    <path
                      d="M18.3762 17.2768H20.8701V18.2578H17.3135V12.5344H18.3762V17.2768Z"
                      fill="#040606"
                    ></path>
                    <path
                      d="M22.3756 17.0477C22.5852 17.277 22.8593 17.3912 23.1974 17.3912C23.5353 17.3912 23.8092 17.277 24.019 17.0477C24.2289 16.819 24.3337 16.5195 24.3337 16.1485C24.3337 15.7778 24.2289 15.478 24.019 15.2491C23.8092 15.0201 23.5353 14.9056 23.1974 14.9056C22.8593 14.9056 22.5852 15.0201 22.3756 15.2491C22.1658 15.478 22.0609 15.7778 22.0609 16.1485C22.0609 16.5195 22.1658 16.819 22.3756 17.0477ZM21.3004 15.0325C21.4802 14.7027 21.735 14.4438 22.065 14.2557C22.3947 14.0677 22.7721 13.9736 23.1974 13.9736C23.6225 13.9736 23.9999 14.0677 24.3297 14.2557C24.6594 14.4438 24.9141 14.7027 25.0943 15.0325C25.2742 15.3623 25.3639 15.7344 25.3639 16.1485C25.3639 16.5628 25.2742 16.9348 25.0943 17.2646C24.9141 17.5944 24.6594 17.8532 24.3297 18.0414C23.9999 18.2295 23.6225 18.3232 23.1974 18.3232C22.7721 18.3232 22.3947 18.2295 22.065 18.0414C21.735 17.8532 21.4802 17.5944 21.3004 17.2646C21.1205 16.9348 21.0308 16.5628 21.0308 16.1485C21.0308 15.7344 21.1205 15.3623 21.3004 15.0325Z"
                      fill="#040606"
                    ></path>
                    <path
                      d="M30.1263 18.2578H29.145L28.4339 15.4943L27.7225 18.2578H26.7411L25.4248 14.039H26.4141L27.2153 16.8024L27.9431 14.039H28.9245L29.6522 16.8024L30.4533 14.039H31.4426L30.1263 18.2578Z"
                      fill="#040606"
                    ></path>
                    <path
                      d="M18.0825 33.0868C18.2357 32.9529 18.3121 32.7552 18.3121 32.4933C18.3121 32.2312 18.2357 32.0335 18.0825 31.8996C17.9301 31.7658 17.7224 31.6994 17.4605 31.6994H16.5027V33.287H17.4605C17.7224 33.287 17.9301 33.2206 18.0825 33.0868ZM16.5027 36.4473H15.4385V30.7164H17.5426C17.9244 30.7164 18.2548 30.7944 18.5331 30.95C18.8114 31.1058 19.0243 31.3182 19.1715 31.5886C19.319 31.8587 19.3923 32.1602 19.3923 32.4933C19.3923 32.826 19.319 33.1278 19.1715 33.3979C19.0243 33.6678 18.8114 33.8807 18.5331 34.0362C18.2548 34.1918 17.9244 34.2697 17.5426 34.2697H16.5027V36.4473Z"
                      fill="#040606"
                    ></path>
                    <path
                      d="M19.8657 32.2232H20.881V32.8617C21.0007 32.6323 21.17 32.4578 21.3886 32.3378C21.6068 32.2175 21.8498 32.1576 22.117 32.1576C22.3953 32.1576 22.6137 32.2201 22.7721 32.3457L22.4281 33.2055C22.2859 33.1289 22.1361 33.0906 21.9779 33.0906C21.6611 33.0906 21.3992 33.2275 21.192 33.5C20.9847 33.773 20.881 34.1931 20.881 34.7609V36.4473H19.8657V32.2232Z"
                      fill="#040606"
                    ></path>
                    <path
                      d="M24.176 36.4473H23.1607V32.2232H24.176V36.4473ZM23.2019 30.7412C23.3273 30.6156 23.4829 30.5529 23.6684 30.5529C23.8536 30.5529 24.0094 30.6156 24.135 30.7412C24.2604 30.8669 24.3232 31.0222 24.3232 31.2077C24.3232 31.3936 24.2604 31.5488 24.135 31.6746C24.0094 31.8 23.8536 31.8628 23.6684 31.8628C23.4829 31.8628 23.3273 31.8 23.2019 31.6746C23.0764 31.5488 23.0137 31.3936 23.0137 31.2077C23.0137 31.0222 23.0764 30.8669 23.2019 30.7412Z"
                      fill="#040606"
                    ></path>
                    <path
                      d="M25.8191 36.2343C25.4966 36.0492 25.2462 35.7915 25.0659 35.4611C24.8857 35.1309 24.7959 34.7557 24.7959 34.3352C24.7959 33.9151 24.8857 33.5396 25.0659 33.2096C25.2462 32.8794 25.4966 32.6214 25.8191 32.4359C26.1407 32.2504 26.5095 32.1577 26.9241 32.1577C27.8628 32.1577 28.4985 32.5424 28.8316 33.3121L27.9066 33.7294C27.6939 33.3035 27.3662 33.0907 26.9241 33.0907C26.6076 33.0907 26.3457 33.2056 26.138 33.4348C25.9309 33.6635 25.8271 33.964 25.8271 34.3352C25.8271 34.7065 25.9309 35.0066 26.138 35.2355C26.3457 35.4651 26.6076 35.5796 26.9241 35.5796C27.3662 35.5796 27.6939 35.3667 27.9066 34.9413L28.8316 35.3588C28.4985 36.1282 27.8628 36.5127 26.9241 36.5127C26.5095 36.5127 26.1407 36.4202 25.8191 36.2343Z"
                      fill="#040606"
                    ></path>
                    <path
                      d="M32.1759 33.8603C32.1377 33.6203 32.0274 33.4238 31.8445 33.2713C31.6617 33.118 31.4312 33.0416 31.1528 33.0416C30.9178 33.0416 30.7076 33.1142 30.5225 33.2587C30.3369 33.4032 30.2084 33.604 30.1373 33.8603H32.1759ZM33.216 34.6624H30.0966C30.151 34.9734 30.2791 35.21 30.4814 35.371C30.6832 35.5321 30.9289 35.6123 31.2182 35.6123C31.4582 35.6123 31.6586 35.5621 31.8197 35.4611C31.981 35.3597 32.1351 35.2059 32.2824 34.9982L33.1422 35.4651C32.9345 35.8037 32.6714 36.0625 32.3517 36.2427C32.0327 36.4226 31.6357 36.5127 31.1608 36.5127C30.7133 36.5127 30.3297 36.4082 30.0106 36.1979C29.6913 35.9875 29.4525 35.7161 29.2943 35.383C29.1359 35.0503 29.0571 34.7009 29.0571 34.3352C29.0571 33.9697 29.1399 33.6203 29.3065 33.2872C29.473 32.9545 29.7145 32.6831 30.0313 32.4728C30.3476 32.2626 30.7217 32.1577 31.1528 32.1577C31.5889 32.1577 31.9631 32.2557 32.2742 32.4523C32.5852 32.6488 32.8197 32.9067 32.9782 33.226C33.1365 33.545 33.216 33.8849 33.216 34.2453V34.6624Z"
                      fill="#040606"
                    ></path>
                    <path
                      d="M9.13617 21.298H6.03734V22.8016H8.52242V24.0285H6.03734V26.0024H9.23843V27.2295H4.70801V20.0709H9.13617V21.298Z"
                      fill="#040606"
                    ></path>
                    <path
                      d="M9.25439 21.9527H10.5327L11.7802 25.4808L13.0281 21.9527H14.3065L12.3532 27.2295H11.2076L9.25439 21.9527Z"
                      fill="#040606"
                    ></path>
                    <path
                      d="M18.1491 23.9973C18.1012 23.6974 17.963 23.4521 17.7347 23.261C17.5062 23.0701 17.2182 22.9747 16.8707 22.9747C16.5772 22.9747 16.3147 23.065 16.0828 23.2456C15.8514 23.4262 15.6909 23.6768 15.6023 23.9973H18.1491ZM19.4475 24.9994H15.5513C15.6193 25.3881 15.7795 25.6829 16.032 25.884C16.284 26.0852 16.5909 26.186 16.9524 26.186C17.2521 26.186 17.5026 26.1228 17.7037 25.9966C17.9049 25.8703 18.0977 25.6779 18.2817 25.4187L19.3555 26.0018C19.0961 26.4242 18.7676 26.7483 18.3688 26.9734C17.9699 27.1981 17.4737 27.3105 16.8807 27.3105C16.3216 27.3105 15.8426 27.1794 15.4437 26.9167C15.0453 26.6544 14.7468 26.3152 14.5491 25.8993C14.3513 25.4837 14.2524 25.0473 14.2524 24.5906C14.2524 24.1337 14.3562 23.6974 14.5643 23.2816C14.7722 22.8656 15.0741 22.5264 15.4696 22.264C15.865 22.0016 16.3319 21.8703 16.8707 21.8703C17.4159 21.8703 17.8828 21.993 18.2715 22.2385C18.6601 22.4839 18.9531 22.8059 19.1509 23.2047C19.3486 23.6036 19.4475 24.028 19.4475 24.478V24.9994Z"
                      fill="#040606"
                    ></path>
                    <path
                      d="M20.1338 21.9527H21.4018V22.7501C21.5515 22.4639 21.7634 22.2458 22.036 22.0959C22.3087 21.9458 22.612 21.8709 22.9463 21.8709C23.2937 21.8709 23.5665 21.9492 23.7642 22.1059L23.3349 23.1797C23.1574 23.0845 22.9698 23.0366 22.772 23.0366C22.3767 23.0366 22.0497 23.207 21.7903 23.5478C21.5315 23.8889 21.4018 24.4139 21.4018 25.1227V27.2295H20.1338V21.9527Z"
                      fill="#040606"
                    ></path>
                    <path
                      d="M25.7172 26.9022L23.8047 21.9528H25.0831L26.3206 25.3068L27.4865 21.9528H28.7545L26.0545 29.3154H24.8275L25.7172 26.9022Z"
                      fill="#040606"
                    ></path>
                    <path
                      d="M32.1759 25.7254C32.4245 25.446 32.5493 25.0676 32.5493 24.5906C32.5493 24.1133 32.4245 23.735 32.1759 23.4553C31.9268 23.1759 31.6152 23.036 31.2402 23.036C30.865 23.036 30.5531 23.1759 30.3045 23.4553C30.0554 23.735 29.9311 24.1133 29.9311 24.5906C29.9311 25.0676 30.0554 25.446 30.3045 25.7254C30.5531 26.0054 30.865 26.1448 31.2402 26.1448C31.6152 26.1448 31.9268 26.0054 32.1759 25.7254ZM29.7573 26.9631C29.403 26.7312 29.125 26.4072 28.9239 25.9916C28.7227 25.5757 28.6221 25.1086 28.6221 24.5906C28.6221 24.0656 28.7192 23.5968 28.9136 23.1845C29.1081 22.7719 29.3789 22.4498 29.727 22.2179C30.0745 21.9864 30.4733 21.8703 30.9232 21.8703C31.2775 21.8703 31.5877 21.9335 31.8535 22.0596C32.1196 22.1857 32.3243 22.3646 32.4673 22.5963V19.9886H33.7353V27.229H32.4673V26.5947C32.317 26.8062 32.1128 26.9783 31.8535 27.1111C31.5945 27.2441 31.2878 27.3105 30.9335 27.3105C30.5042 27.3105 30.1117 27.1947 29.7573 26.9631Z"
                      fill="#040606"
                    ></path>
                    <path
                      d="M37.3676 25.9197C37.603 25.7151 37.7204 25.4631 37.7204 25.1631V25.02H36.7184C36.4252 25.02 36.1916 25.0763 36.0177 25.1887C35.844 25.3011 35.7569 25.4562 35.7569 25.654C35.7569 25.838 35.8201 25.9794 35.9462 26.0784C36.0721 26.1772 36.258 26.2267 36.5037 26.2267C36.8444 26.2267 37.1326 26.1244 37.3676 25.9197ZM35.3272 27.1267C35.0547 27.0038 34.8363 26.8247 34.6729 26.5897C34.5093 26.3544 34.4277 26.073 34.4277 25.746C34.4277 25.2278 34.6219 24.8106 35.0105 24.4933C35.3992 24.1764 35.9241 24.0177 36.5854 24.0177H37.7204V23.8336C37.7204 23.5679 37.6284 23.3549 37.4444 23.1945C37.2603 23.0344 37.0113 22.9542 36.698 22.9542C36.4455 22.9542 36.2173 23.0207 36.0129 23.1536C35.8083 23.2866 35.6546 23.4419 35.5523 23.619L34.5809 23.036C34.7649 22.7021 35.0375 22.4244 35.3992 22.2028C35.7603 21.981 36.1931 21.8703 36.698 21.8703C37.4205 21.8703 37.9827 22.0439 38.385 22.3916C38.7873 22.7395 38.9885 23.2405 38.9885 23.8952V27.229H37.9455L37.7718 26.554C37.6009 26.7859 37.3846 26.97 37.1223 27.1061C36.8595 27.2425 36.5512 27.3105 36.1969 27.3105C35.8899 27.3105 35.6003 27.2494 35.3272 27.1267Z"
                      fill="#040606"
                    ></path>
                    <path
                      d="M40.9395 26.9022L39.0273 21.9528H40.3056L41.5429 25.3068L42.7087 21.9528H43.9767L41.2772 29.3154H40.0498L40.9395 26.9022Z"
                      fill="#040606"
                    ></path>
                  </svg>
                  <p
                    class="styled__StyledBodyText-sc-119w3hf-5 ggtTyf styled__DarkGreyBodyText-sc-9yzfq2-2 lmkdDf"
                  >
                    Low Everyday Price
                  </p>
                </div>
              </div>
            </div>
          </div>
        </div>
      </div>
    </div>
  </li>
  <li class="product-list--list-item">
    <div class="styles__StyledVerticalTileWrapper-dvv1wj-0 dtCNPH">
      <div
        data-auto="product-tile"
        data-auto-type="Quantity"
        data-auto-available="true"
        data-auto-is-restricted-disabled="false"
        data-auto-is-substitute="false"
        class="styles__StyledVerticalTile-dvv1wj-1 gSCsYK"
      >
        <div class="styles__StyledTileContentWrapper-dvv1wj-2 bkNhNP beans">
          <div
            id="tile-287632423"
            data-auto-id="287632423"
            class="styles__StyledTiledContent-dvv1wj-3 bcglTg"
          >
            <a
              href="/groceries/en-GB/products/287632423"
              aria-hidden="true"
              class="product-image-wrapper"
              tabindex="1"
              ><div class="product-image__container">
                <picture
                  ><img
                    class="styled__Image-sjvkdn-0 bJErKA product-image beans-responsive-image__image"
                    src="https://digitalcontent.api.tesco.com/v2/media/ghs/ac7cca72-d126-4548-a92c-35331f58b299/85e38239-9cd7-4d70-acd6-0ea30432a5dd.jpeg?h=225&amp;w=225"
                    srcset="
                      https://digitalcontent.api.tesco.com/v2/media/ghs/ac7cca72-d126-4548-a92c-35331f58b299/85e38239-9cd7-4d70-acd6-0ea30432a5dd.jpeg?h=225&amp;w=225  768w,
                      https://digitalcontent.api.tesco.com/v2/media/ghs/ac7cca72-d126-4548-a92c-35331f58b299/85e38239-9cd7-4d70-acd6-0ea30432a5dd.jpeg?h=225&amp;w=225 4000w
                    "
                    alt="Tesco Chicken &amp; Bacon Caesar Salad 265G"
                /></picture></div
            ></a>
            <div class="product-details--wrapper">
              <h3 class="styles__H3-oa5soe-0 bCKNNq">
                <a
                  href="/groceries/en-GB/products/287632423"
                  class="styled__Anchor-sc-1xbujuz-0 csVOnh beans-link__anchor"
                  data-auto="product-tile--title"
                  ><span
                    class="styled__Text-sc-1xbujuz-1 ldbwMG beans-link__text"
                    >Tesco Chicken &amp; Bacon Caesar Salad 265G</span
                  ></a
                >
              </h3>
              <div class="styles__StyledProductDetailsContent-dvv1wj-5 ddRSrq">
                <a
                  href="/groceries/en-GB/reviews/submission/287632423?from=%2Fsearch%3Fquery%3Dseafood"
                  aria-label="Write a review for Tesco Chicken &amp; Bacon Caesar Salad 265G"
                  class="styled__Anchor-sc-1xbujuz-0 jSzuDt write-a-review-link beans-link__anchor"
                  data-auto="review-link"
                  ><span
                    class="styled__Text-sc-1xbujuz-1 fyDIEo beans-link__text"
                    >Write a review</span
                  ><span
                    class="styled__IconContainer-sc-1xbujuz-2 bSauSL beans-link__icon-container"
                    ><svg
                      aria-hidden="true"
                      class="styled__SVG-xxa4wh-1 hQMCqc beans-link__icon beans-icon__svg"
                      height="13.33"
                      preserveAspectRatio="xMinYMax meet"
                      viewBox="-1 0 12 20"
                      width="8"
                      xmlns="http://www.w3.org/2000/svg"
                      color="currentColor"
                    >
                      <path
                        d="M1.312 1.348L10.276 10l-8.964 8.644"
                        fill="none"
                        stroke="currentColor"
                      ></path></svg></span
                ></a>
                <div>
                  <a
                    href="/groceries/en-GB/shop/fresh-food/fresh-salad-coleslaw-and-sandwich-fillers/salad-pots-and-pasta-salad/meat-and-seafood-salad"
                    class="styled__Anchor-sc-1xbujuz-0 jSzuDt rest-of-shelf-link beans-link__anchor"
                    data-auto="rest-of-shelf-link"
                    ><span
                      class="styled__Text-sc-1xbujuz-1 fyDIEo beans-link__text"
                      >Rest of
                      <span class="visually-hidden"
                        >Meat &amp; Seafood Salad</span
                      >
                      shelf</span
                    ><span
                      class="styled__IconContainer-sc-1xbujuz-2 bSauSL beans-link__icon-container"
                      ><svg
                        aria-hidden="true"
                        class="styled__SVG-xxa4wh-1 hQMCqc beans-link__icon beans-icon__svg"
                        height="13.33"
                        preserveAspectRatio="xMinYMax meet"
                        viewBox="-1 0 12 20"
                        width="8"
                        xmlns="http://www.w3.org/2000/svg"
                        color="currentColor"
                      >
                        <path
                          d="M1.312 1.348L10.276 10l-8.964 8.644"
                          fill="none"
                          stroke="currentColor"
                        ></path></svg></span
                  ></a>
                </div>
                <div class="product-info-message-section">
                  <div class="product-info-message-list"></div>
                </div>
              </div>
              <div
                class="styles__StyledPromotionsWithBuyBoxWrapper-dvv1wj-8 cZskDh"
              >
                <div
                  class="styles__StyledPromotionsAboveMobile-dvv1wj-7 iPTMuo"
                >
                  <div
                    class="styles__StyledPromotionsWithClubcardPriceContainer-sc-1vdpoop-0 bsPFbn"
                  >
                    <div class="styles__StyledClubcardLogo-sc-1vdpoop-2 elOZEB">
                      <div
                        class="styles__Wrapper-sc-1d2phhy-0 hgBuQG undefined special-offer-sash"
                      >
                        <span class="styles__CircleWrapper-sc-1d2phhy-2 hCbzjm"
                          ><strong
                            class="styles__TextWrapper-sc-1d2phhy-1 bLXNGg"
                            >Clubcard Price</strong
                          ></span
                        >
                      </div>
                    </div>
                    <a href="/groceries/en-GB/promotions/88503462"
                      ><div
                        class="styles__ProductPromotionStyling-sc-1vdpoop-3 cKitpL"
                      >
                        <div
                          class="styles__StyledPromotionsOfferContent-sc-1vdpoop-1 cPSekc"
                        >
                          <span class="offer-text"
                            >£3 Meal Deal Clubcard Price £3.50 Meal Deal Regular
                            Price - Selected Drink, Snack, Wrap, Sandwich, Roll,
                            Pasty Or Salad</span
                          >
                        </div>
                        <span class="dates"
                          >Offer valid for delivery from 23/05/2022 until
                          23/10/2022</span
                        >
                      </div></a
                    >
                  </div>
                </div>
                <div class="styles__StyledBuyBoxWrapper-dvv1wj-4 dSvjUC">
                  <div
                    class="styles__StyledBuyBoxContainer-sc-1wx0qp6-0 erryje"
                    data-auto="buybox-container"
                  >
                    <div class="styles__SafeFormWrapper-jtpu2t-0 lcrYKS">
                      <form
                        action="/groceries/en-GB/trolley/items/287632423?_method=PUT"
                        method="POST"
                      >
                        <input type="submit" class="hidden" /><input
                          type="hidden"
                          name="id"
                          value="287632423"
                        /><input
                          type="hidden"
                          name="identifier"
                          value="Page"
                        /><input
                          type="hidden"
                          name="anchorId"
                          value="#tile-287632423"
                        /><input
                          type="hidden"
                          name="returnUrl"
                          value="/groceries/en-GB/search?query=seafood&amp;redirectIfUnavailable=true#tile-287632423"
                        /><input
                          type="hidden"
                          name="backToUrl"
                          value="#"
                        /><input
                          type="hidden"
                          name="oldValue"
                          value="0"
                        /><input
                          type="hidden"
                          name="oldUnitChoice"
                          value="pcs"
                        /><input
                          type="hidden"
                          name="newUnitChoice"
                          value="pcs"
                        />
                        <div
                          class="base-components__RootElement-sc-1mosoyj-1 styled__Container-sc-6nhkzi-0 jptQqM hSNpTb beans-buybox__container"
                        >
                          <div
                            class="base-components__BaseElement-sc-1mosoyj-0 styled__PriceAndActions-sc-6nhkzi-3 oznwo eEPLov beans-buybox__price-and-actions"
                          >
                            <div
                              class="base-components__RootElement-sc-1mosoyj-1 styled__Container-sc-8qlq5b-0 jptQqM bgZrjw styled__StyledPrice-sc-6nhkzi-5 iYHeik beans-buybox__price beans-price__container"
                            >
                              <p
                                class="styled__StyledHeading-sc-119w3hf-2 jWPEtj styled__Text-sc-8qlq5b-1 lnaeiZ beans-price__text"
                              >
                                £2.75
                              </p>
                              <p
                                class="styled__StyledFootnote-sc-119w3hf-7 icrlVF styled__Subtext-sc-8qlq5b-2 bNJmdc beans-price__subtext"
                              >
                                £1.04/100g
                              </p>
                            </div>
                            <div
                              class="base-components__RootElement-sc-1mosoyj-1 styled__Container-vtxwzb-0 jptQqM bDFhXJ beans-buybox__actions beans-quantity-controls__container"
                            >
                              <div
                                class="base-components__RootElement-sc-1mosoyj-1 styled__Container-sc-16t2b2a-0 jptQqM PUfgZ styled__StyledFormGroup-vtxwzb-1 kzKuAr beans-quantity-controls__form-group beans-form-group__container"
                              >
                                <label
                                  class="styled__StyledLabel-sc-1ttuvhr-0 izGEjV beans-form-group__label beans-label"
                                  for="quantity-controls-287632423"
                                  >Quantity controls<!-- -->
                                </label>
                                <div
                                  class="base-components__BaseElement-sc-1mosoyj-0 styled__Children-sc-16t2b2a-3 oznwo gdJvjO beans-form-group__children"
                                >
                                  <div
                                    class="styled__StyledQuantityControlWrapper-vtxwzb-6 LCxOg"
                                  >
                                    <label
                                      id="quantity-controls-287632423-label"
                                      class="styled__VisuallyHiddenLabel-vtxwzb-7 gXlLiM"
                                      >Quantity of Tesco Chicken &amp; Bacon
                                      Caesar Salad 265G</label
                                    >
                                    <div
                                      class="component__Wrapper-sc-1kpmik-3 dReplG input-wrapper"
                                    >
                                      <input
                                        type="number"
                                        class="base-components__RootElement-sc-1mosoyj-1 styled__StyledInput-sc-1jd5f57-0 component__StyledAsInput-sc-1kpmik-4 jptQqM eJLlow styled__StyledInput-vtxwzb-3 lwMHo beans-quantity-controls__input beans-input"
                                        data-auto="beans-quantity-controls-input"
                                        autocomplete="off"
                                        id="quantity-controls-287632423"
                                        maxlength="2"
                                        name="newValue"
                                        aria-labelledby="quantity-controls-287632423-label"
                                        value="1"
                                      />
                                    </div>
                                  </div>
                                  <button
                                    class="styled__BaseButton-rsekm1-0 styled__PrimaryButton-rsekm1-2 jChbeY geeWOF styled__StyledButton-vtxwzb-5 japAxb beans-quantity-controls__add-button beans-button__container"
                                    type="submit"
                                    data-auto="beans-quantity-controls-add-button"
                                    aria-label="Quantity of Tesco Chicken &amp; Bacon Caesar Salad 265G"
                                  >
                                    <span
                                      class="base-components__BaseElement-sc-1mosoyj-0 styled__InnerContainer-rsekm1-1 oznwo fuFres beans-button__inner-container"
                                      ><span
                                        class="base-components__BaseElement-sc-1mosoyj-0 styled__TextSpan-rsekm1-4 oznwo GDiMp beans-button__text"
                                        >Add</span
                                      ></span
                                    >
                                  </button>
                                </div>
                              </div>
                            </div>
                          </div>
                        </div>
                        <input
                          type="hidden"
                          name="_csrf"
                          value="BeMqcJBE-zCJWuNH91oq73jFXs7WkHUAPSZM"
                        />
                      </form>
                    </div>
                  </div>
                </div>
              </div>
            </div>
            <div class="hidden-medium product-info-section-small">
              <div class="product-info-message-list"></div>
            </div>
          </div>
          <div class="styles__StyledPromotionsMobile-dvv1wj-6 Bxaeb">
            <div>
              <div
                class="styles__StyledPromotionsWithClubcardPriceContainer-sc-1vdpoop-0 bsPFbn"
              >
                <div class="styles__StyledClubcardLogo-sc-1vdpoop-2 elOZEB">
                  <div
                    class="styles__Wrapper-sc-1d2phhy-0 hgBuQG undefined special-offer-sash"
                  >
                    <span class="styles__CircleWrapper-sc-1d2phhy-2 hCbzjm"
                      ><strong class="styles__TextWrapper-sc-1d2phhy-1 bLXNGg"
                        >Clubcard Price</strong
                      ></span
                    >
                  </div>
                </div>
                <a href="/groceries/en-GB/promotions/88503462"
                  ><div
                    class="styles__ProductPromotionStyling-sc-1vdpoop-3 cKitpL"
                  >
                    <div
                      class="styles__StyledPromotionsOfferContent-sc-1vdpoop-1 cPSekc"
                    >
                      <span class="offer-text"
                        >£3 Meal Deal Clubcard Price £3.50 Meal Deal Regular
                        Price - Selected Drink, Snack, Wrap, Sandwich, Roll,
                        Pasty Or Salad</span
                      >
                    </div>
                    <span class="dates"
                      >Offer valid for delivery from 23/05/2022 until
                      23/10/2022</span
                    >
                  </div></a
                >
              </div>
            </div>
          </div>
        </div>
      </div>
    </div>
  </li>
  <li class="product-list--list-item">
    <div class="styles__StyledVerticalTileWrapper-dvv1wj-0 dtCNPH">
      <div
        data-auto="product-tile"
        data-auto-type="Quantity"
        data-auto-available="true"
        data-auto-is-restricted-disabled="false"
        data-auto-is-substitute="false"
        class="styles__StyledVerticalTile-dvv1wj-1 gSCsYK"
      >
        <div class="styles__StyledTileContentWrapper-dvv1wj-2 bkNhNP beans">
          <div
            id="tile-254863672"
            data-auto-id="254863672"
            class="styles__StyledTiledContent-dvv1wj-3 bcglTg"
          >
            <a
              href="/groceries/en-GB/products/254863672"
              aria-hidden="true"
              class="product-image-wrapper"
              tabindex="1"
              ><div class="product-image__container">
                <picture
                  ><img
                    class="styled__Image-sjvkdn-0 bJErKA product-image beans-responsive-image__image"
                    src="https://digitalcontent.api.tesco.com/v2/media/ghs/1ffd9c33-7a64-47e8-80ea-4cc5795ae3e6/e5c00aff-d441-4d3d-a572-752403646a93_1422542091.jpeg?h=225&amp;w=225"
                    srcset="
                      https://digitalcontent.api.tesco.com/v2/media/ghs/1ffd9c33-7a64-47e8-80ea-4cc5795ae3e6/e5c00aff-d441-4d3d-a572-752403646a93_1422542091.jpeg?h=225&amp;w=225  768w,
                      https://digitalcontent.api.tesco.com/v2/media/ghs/1ffd9c33-7a64-47e8-80ea-4cc5795ae3e6/e5c00aff-d441-4d3d-a572-752403646a93_1422542091.jpeg?h=225&amp;w=225 4000w
                    "
                    alt="Glenryck Pilchards In Tomato Sauce 155G"
                /></picture></div
            ></a>
            <div class="product-details--wrapper">
              <h3 class="styles__H3-oa5soe-0 bCKNNq">
                <a
                  href="/groceries/en-GB/products/254863672"
                  class="styled__Anchor-sc-1xbujuz-0 csVOnh beans-link__anchor"
                  data-auto="product-tile--title"
                  ><span
                    class="styled__Text-sc-1xbujuz-1 ldbwMG beans-link__text"
                    >Glenryck Pilchards In Tomato Sauce 155G</span
                  ></a
                >
              </h3>
              <div
                class="styles__StyledPromotionsAboveMobile-dvv1wj-7 iPTMuo"
              ></div>
              <div class="styles__StyledProductDetailsContent-dvv1wj-5 ddRSrq">
                <a
                  href="/groceries/en-GB/reviews/submission/254863672?from=%2Fsearch%3Fquery%3Dseafood"
                  aria-label="Write a review for Glenryck Pilchards In Tomato Sauce 155G"
                  class="styled__Anchor-sc-1xbujuz-0 jSzuDt write-a-review-link beans-link__anchor"
                  data-auto="review-link"
                  ><span
                    class="styled__Text-sc-1xbujuz-1 fyDIEo beans-link__text"
                    >Write a review</span
                  ><span
                    class="styled__IconContainer-sc-1xbujuz-2 bSauSL beans-link__icon-container"
                    ><svg
                      aria-hidden="true"
                      class="styled__SVG-xxa4wh-1 hQMCqc beans-link__icon beans-icon__svg"
                      height="13.33"
                      preserveAspectRatio="xMinYMax meet"
                      viewBox="-1 0 12 20"
                      width="8"
                      xmlns="http://www.w3.org/2000/svg"
                      color="currentColor"
                    >
                      <path
                        d="M1.312 1.348L10.276 10l-8.964 8.644"
                        fill="none"
                        stroke="currentColor"
                      ></path></svg></span
                ></a>
                <div>
                  <a
                    href="/groceries/en-GB/shop/food-cupboard/tins-cans-and-packets/tinned-fish-and-seafood/tinned-seafood"
                    class="styled__Anchor-sc-1xbujuz-0 jSzuDt rest-of-shelf-link beans-link__anchor"
                    data-auto="rest-of-shelf-link"
                    ><span
                      class="styled__Text-sc-1xbujuz-1 fyDIEo beans-link__text"
                      >Rest of
                      <span class="visually-hidden">Tinned Seafood</span>
                      shelf</span
                    ><span
                      class="styled__IconContainer-sc-1xbujuz-2 bSauSL beans-link__icon-container"
                      ><svg
                        aria-hidden="true"
                        class="styled__SVG-xxa4wh-1 hQMCqc beans-link__icon beans-icon__svg"
                        height="13.33"
                        preserveAspectRatio="xMinYMax meet"
                        viewBox="-1 0 12 20"
                        width="8"
                        xmlns="http://www.w3.org/2000/svg"
                        color="currentColor"
                      >
                        <path
                          d="M1.312 1.348L10.276 10l-8.964 8.644"
                          fill="none"
                          stroke="currentColor"
                        ></path></svg></span
                  ></a>
                </div>
                <div class="product-info-message-section">
                  <div class="product-info-message-list">
                    <div class="styled__WhiteBackground-sc-9yzfq2-1 jthPIJ">
                      <svg
                        width="56"
                        height="56"
                        viewBox="0 0 56 56"
                        fill="none"
                        xmlns="http://www.w3.org/2000/svg"
                      >
                        <path
                          d="M47.3812 23.9997C47.3812 36.9128 36.913 47.3809 23.9999 47.3809C11.0869 47.3809 0.618652 36.9128 0.618652 23.9997C0.618652 11.0866 11.0869 0.618412 23.9999 0.618412C36.913 0.618412 47.3812 11.0866 47.3812 23.9997Z"
                          fill="white"
                        ></path>
                        <path
                          d="M47.2669 24.0006C47.2669 36.8253 36.8706 47.2217 24.046 47.2217C11.2214 47.2217 0.73291 36.9173 0.73291 24.0926C0.73291 11.2678 11.2214 0.77932 24.046 0.77932C36.8706 0.77932 47.2669 11.1758 47.2669 24.0006Z"
                          fill="white"
                        ></path>
                        <path
                          d="M40.5112 24.4162H39.8523C39.8519 28.7959 38.0789 32.7545 35.2089 35.6251C32.3383 38.4946 28.3799 40.2678 24.0004 40.268C19.6209 40.2678 15.662 38.4946 12.7914 35.6251C9.92179 32.7545 8.14879 28.7959 8.14848 24.4162C8.14879 20.0367 9.92179 16.0782 12.7914 13.2075C15.662 10.3379 19.6209 8.565 24.0004 8.56473C28.3799 8.565 32.3383 10.3379 35.2089 13.2075C38.0789 16.0782 39.8519 20.0367 39.8523 24.4162H40.5112H41.1701C41.1697 14.9333 33.4831 7.2471 24.0004 7.24669C14.5175 7.2471 6.83099 14.9333 6.83057 24.4162C6.83099 33.8993 14.5175 41.5855 24.0004 41.5859C33.4831 41.5855 41.1697 33.8993 41.1701 24.4162H40.5112Z"
                          fill="#040606"
                        ></path>
                        <path
                          d="M46.5795 24.0003H45.9377C45.9373 30.0604 43.483 35.5404 39.5122 39.5124C35.5401 43.4833 30.06 45.9373 24.0003 45.9377C17.9403 45.9373 12.4601 43.4833 8.48825 39.5124C4.51756 35.5404 2.06321 30.0604 2.06284 24.0003C2.06321 17.9406 4.51756 12.4603 8.48825 8.48857C12.4601 4.51752 17.9403 2.06367 24.0003 2.06327C30.06 2.06367 35.5401 4.51752 39.5122 8.48857C43.483 12.4603 45.9373 17.9406 45.9377 24.0003H46.5795H47.2216C47.221 11.1753 36.8253 0.779591 24.0003 0.77932C11.1753 0.779591 0.779601 11.1753 0.778809 24.0003C0.779601 36.8256 11.1753 47.2214 24.0003 47.2217C36.8253 47.2214 47.221 36.8256 47.2216 24.0003H46.5795Z"
                          fill="#EE2742"
                        ></path>
                        <path
                          d="M38.9616 9.03867C42.7926 12.8723 45.158 18.1525 45.1588 23.9999C45.158 29.8475 42.7926 35.1277 38.9615 38.9615C35.1276 42.7928 29.8473 45.1577 24.0001 45.1585C18.1525 45.1577 12.8723 42.7928 9.03866 38.9613C5.20759 35.1277 2.84225 29.8475 2.84141 23.9999C2.84225 18.1525 5.20759 12.8723 9.03882 9.03867C12.8723 5.20738 18.1525 2.84242 24.0003 2.84161C29.8473 2.84242 35.1275 5.20738 38.9616 9.03867ZM48.0003 23.2212H47.9863C47.574 10.3265 36.9948 0.000953421 24.0001 0.000141651C10.7448 0.00108872 0.00126839 10.7446 0 23.9999C0.00126839 37.2556 10.7448 47.999 24.0001 48C36.9948 47.9992 47.574 37.6736 47.9863 24.7785H48.0003V24.0019C48.0003 24.0012 48.0003 24.0005 48.0003 24V23.2212Z"
                          fill="#EE2742"
                        ></path>
                        <path
                          d="M43.7523 30.792H10.9861L10.5169 29.0828H4.30322V18.3235H43.7523V30.792Z"
                          fill="white"
                        ></path>
                        <path
                          d="M18.3762 17.2768H20.8701V18.2578H17.3135V12.5344H18.3762V17.2768Z"
                          fill="#040606"
                        ></path>
                        <path
                          d="M22.3756 17.0477C22.5852 17.277 22.8593 17.3912 23.1974 17.3912C23.5353 17.3912 23.8092 17.277 24.019 17.0477C24.2289 16.819 24.3337 16.5195 24.3337 16.1485C24.3337 15.7778 24.2289 15.478 24.019 15.2491C23.8092 15.0201 23.5353 14.9056 23.1974 14.9056C22.8593 14.9056 22.5852 15.0201 22.3756 15.2491C22.1658 15.478 22.0609 15.7778 22.0609 16.1485C22.0609 16.5195 22.1658 16.819 22.3756 17.0477ZM21.3004 15.0325C21.4802 14.7027 21.735 14.4438 22.065 14.2557C22.3947 14.0677 22.7721 13.9736 23.1974 13.9736C23.6225 13.9736 23.9999 14.0677 24.3297 14.2557C24.6594 14.4438 24.9141 14.7027 25.0943 15.0325C25.2742 15.3623 25.3639 15.7344 25.3639 16.1485C25.3639 16.5628 25.2742 16.9348 25.0943 17.2646C24.9141 17.5944 24.6594 17.8532 24.3297 18.0414C23.9999 18.2295 23.6225 18.3232 23.1974 18.3232C22.7721 18.3232 22.3947 18.2295 22.065 18.0414C21.735 17.8532 21.4802 17.5944 21.3004 17.2646C21.1205 16.9348 21.0308 16.5628 21.0308 16.1485C21.0308 15.7344 21.1205 15.3623 21.3004 15.0325Z"
                          fill="#040606"
                        ></path>
                        <path
                          d="M30.1263 18.2578H29.145L28.4339 15.4943L27.7225 18.2578H26.7411L25.4248 14.039H26.4141L27.2153 16.8024L27.9431 14.039H28.9245L29.6522 16.8024L30.4533 14.039H31.4426L30.1263 18.2578Z"
                          fill="#040606"
                        ></path>
                        <path
                          d="M18.0825 33.0868C18.2357 32.9529 18.3121 32.7552 18.3121 32.4933C18.3121 32.2312 18.2357 32.0335 18.0825 31.8996C17.9301 31.7658 17.7224 31.6994 17.4605 31.6994H16.5027V33.287H17.4605C17.7224 33.287 17.9301 33.2206 18.0825 33.0868ZM16.5027 36.4473H15.4385V30.7164H17.5426C17.9244 30.7164 18.2548 30.7944 18.5331 30.95C18.8114 31.1058 19.0243 31.3182 19.1715 31.5886C19.319 31.8587 19.3923 32.1602 19.3923 32.4933C19.3923 32.826 19.319 33.1278 19.1715 33.3979C19.0243 33.6678 18.8114 33.8807 18.5331 34.0362C18.2548 34.1918 17.9244 34.2697 17.5426 34.2697H16.5027V36.4473Z"
                          fill="#040606"
                        ></path>
                        <path
                          d="M19.8657 32.2232H20.881V32.8617C21.0007 32.6323 21.17 32.4578 21.3886 32.3378C21.6068 32.2175 21.8498 32.1576 22.117 32.1576C22.3953 32.1576 22.6137 32.2201 22.7721 32.3457L22.4281 33.2055C22.2859 33.1289 22.1361 33.0906 21.9779 33.0906C21.6611 33.0906 21.3992 33.2275 21.192 33.5C20.9847 33.773 20.881 34.1931 20.881 34.7609V36.4473H19.8657V32.2232Z"
                          fill="#040606"
                        ></path>
                        <path
                          d="M24.176 36.4473H23.1607V32.2232H24.176V36.4473ZM23.2019 30.7412C23.3273 30.6156 23.4829 30.5529 23.6684 30.5529C23.8536 30.5529 24.0094 30.6156 24.135 30.7412C24.2604 30.8669 24.3232 31.0222 24.3232 31.2077C24.3232 31.3936 24.2604 31.5488 24.135 31.6746C24.0094 31.8 23.8536 31.8628 23.6684 31.8628C23.4829 31.8628 23.3273 31.8 23.2019 31.6746C23.0764 31.5488 23.0137 31.3936 23.0137 31.2077C23.0137 31.0222 23.0764 30.8669 23.2019 30.7412Z"
                          fill="#040606"
                        ></path>
                        <path
                          d="M25.8191 36.2343C25.4966 36.0492 25.2462 35.7915 25.0659 35.4611C24.8857 35.1309 24.7959 34.7557 24.7959 34.3352C24.7959 33.9151 24.8857 33.5396 25.0659 33.2096C25.2462 32.8794 25.4966 32.6214 25.8191 32.4359C26.1407 32.2504 26.5095 32.1577 26.9241 32.1577C27.8628 32.1577 28.4985 32.5424 28.8316 33.3121L27.9066 33.7294C27.6939 33.3035 27.3662 33.0907 26.9241 33.0907C26.6076 33.0907 26.3457 33.2056 26.138 33.4348C25.9309 33.6635 25.8271 33.964 25.8271 34.3352C25.8271 34.7065 25.9309 35.0066 26.138 35.2355C26.3457 35.4651 26.6076 35.5796 26.9241 35.5796C27.3662 35.5796 27.6939 35.3667 27.9066 34.9413L28.8316 35.3588C28.4985 36.1282 27.8628 36.5127 26.9241 36.5127C26.5095 36.5127 26.1407 36.4202 25.8191 36.2343Z"
                          fill="#040606"
                        ></path>
                        <path
                          d="M32.1759 33.8603C32.1377 33.6203 32.0274 33.4238 31.8445 33.2713C31.6617 33.118 31.4312 33.0416 31.1528 33.0416C30.9178 33.0416 30.7076 33.1142 30.5225 33.2587C30.3369 33.4032 30.2084 33.604 30.1373 33.8603H32.1759ZM33.216 34.6624H30.0966C30.151 34.9734 30.2791 35.21 30.4814 35.371C30.6832 35.5321 30.9289 35.6123 31.2182 35.6123C31.4582 35.6123 31.6586 35.5621 31.8197 35.4611C31.981 35.3597 32.1351 35.2059 32.2824 34.9982L33.1422 35.4651C32.9345 35.8037 32.6714 36.0625 32.3517 36.2427C32.0327 36.4226 31.6357 36.5127 31.1608 36.5127C30.7133 36.5127 30.3297 36.4082 30.0106 36.1979C29.6913 35.9875 29.4525 35.7161 29.2943 35.383C29.1359 35.0503 29.0571 34.7009 29.0571 34.3352C29.0571 33.9697 29.1399 33.6203 29.3065 33.2872C29.473 32.9545 29.7145 32.6831 30.0313 32.4728C30.3476 32.2626 30.7217 32.1577 31.1528 32.1577C31.5889 32.1577 31.9631 32.2557 32.2742 32.4523C32.5852 32.6488 32.8197 32.9067 32.9782 33.226C33.1365 33.545 33.216 33.8849 33.216 34.2453V34.6624Z"
                          fill="#040606"
                        ></path>
                        <path
                          d="M9.13617 21.298H6.03734V22.8016H8.52242V24.0285H6.03734V26.0024H9.23843V27.2295H4.70801V20.0709H9.13617V21.298Z"
                          fill="#040606"
                        ></path>
                        <path
                          d="M9.25439 21.9527H10.5327L11.7802 25.4808L13.0281 21.9527H14.3065L12.3532 27.2295H11.2076L9.25439 21.9527Z"
                          fill="#040606"
                        ></path>
                        <path
                          d="M18.1491 23.9973C18.1012 23.6974 17.963 23.4521 17.7347 23.261C17.5062 23.0701 17.2182 22.9747 16.8707 22.9747C16.5772 22.9747 16.3147 23.065 16.0828 23.2456C15.8514 23.4262 15.6909 23.6768 15.6023 23.9973H18.1491ZM19.4475 24.9994H15.5513C15.6193 25.3881 15.7795 25.6829 16.032 25.884C16.284 26.0852 16.5909 26.186 16.9524 26.186C17.2521 26.186 17.5026 26.1228 17.7037 25.9966C17.9049 25.8703 18.0977 25.6779 18.2817 25.4187L19.3555 26.0018C19.0961 26.4242 18.7676 26.7483 18.3688 26.9734C17.9699 27.1981 17.4737 27.3105 16.8807 27.3105C16.3216 27.3105 15.8426 27.1794 15.4437 26.9167C15.0453 26.6544 14.7468 26.3152 14.5491 25.8993C14.3513 25.4837 14.2524 25.0473 14.2524 24.5906C14.2524 24.1337 14.3562 23.6974 14.5643 23.2816C14.7722 22.8656 15.0741 22.5264 15.4696 22.264C15.865 22.0016 16.3319 21.8703 16.8707 21.8703C17.4159 21.8703 17.8828 21.993 18.2715 22.2385C18.6601 22.4839 18.9531 22.8059 19.1509 23.2047C19.3486 23.6036 19.4475 24.028 19.4475 24.478V24.9994Z"
                          fill="#040606"
                        ></path>
                        <path
                          d="M20.1338 21.9527H21.4018V22.7501C21.5515 22.4639 21.7634 22.2458 22.036 22.0959C22.3087 21.9458 22.612 21.8709 22.9463 21.8709C23.2937 21.8709 23.5665 21.9492 23.7642 22.1059L23.3349 23.1797C23.1574 23.0845 22.9698 23.0366 22.772 23.0366C22.3767 23.0366 22.0497 23.207 21.7903 23.5478C21.5315 23.8889 21.4018 24.4139 21.4018 25.1227V27.2295H20.1338V21.9527Z"
                          fill="#040606"
                        ></path>
                        <path
                          d="M25.7172 26.9022L23.8047 21.9528H25.0831L26.3206 25.3068L27.4865 21.9528H28.7545L26.0545 29.3154H24.8275L25.7172 26.9022Z"
                          fill="#040606"
                        ></path>
                        <path
                          d="M32.1759 25.7254C32.4245 25.446 32.5493 25.0676 32.5493 24.5906C32.5493 24.1133 32.4245 23.735 32.1759 23.4553C31.9268 23.1759 31.6152 23.036 31.2402 23.036C30.865 23.036 30.5531 23.1759 30.3045 23.4553C30.0554 23.735 29.9311 24.1133 29.9311 24.5906C29.9311 25.0676 30.0554 25.446 30.3045 25.7254C30.5531 26.0054 30.865 26.1448 31.2402 26.1448C31.6152 26.1448 31.9268 26.0054 32.1759 25.7254ZM29.7573 26.9631C29.403 26.7312 29.125 26.4072 28.9239 25.9916C28.7227 25.5757 28.6221 25.1086 28.6221 24.5906C28.6221 24.0656 28.7192 23.5968 28.9136 23.1845C29.1081 22.7719 29.3789 22.4498 29.727 22.2179C30.0745 21.9864 30.4733 21.8703 30.9232 21.8703C31.2775 21.8703 31.5877 21.9335 31.8535 22.0596C32.1196 22.1857 32.3243 22.3646 32.4673 22.5963V19.9886H33.7353V27.229H32.4673V26.5947C32.317 26.8062 32.1128 26.9783 31.8535 27.1111C31.5945 27.2441 31.2878 27.3105 30.9335 27.3105C30.5042 27.3105 30.1117 27.1947 29.7573 26.9631Z"
                          fill="#040606"
                        ></path>
                        <path
                          d="M37.3676 25.9197C37.603 25.7151 37.7204 25.4631 37.7204 25.1631V25.02H36.7184C36.4252 25.02 36.1916 25.0763 36.0177 25.1887C35.844 25.3011 35.7569 25.4562 35.7569 25.654C35.7569 25.838 35.8201 25.9794 35.9462 26.0784C36.0721 26.1772 36.258 26.2267 36.5037 26.2267C36.8444 26.2267 37.1326 26.1244 37.3676 25.9197ZM35.3272 27.1267C35.0547 27.0038 34.8363 26.8247 34.6729 26.5897C34.5093 26.3544 34.4277 26.073 34.4277 25.746C34.4277 25.2278 34.6219 24.8106 35.0105 24.4933C35.3992 24.1764 35.9241 24.0177 36.5854 24.0177H37.7204V23.8336C37.7204 23.5679 37.6284 23.3549 37.4444 23.1945C37.2603 23.0344 37.0113 22.9542 36.698 22.9542C36.4455 22.9542 36.2173 23.0207 36.0129 23.1536C35.8083 23.2866 35.6546 23.4419 35.5523 23.619L34.5809 23.036C34.7649 22.7021 35.0375 22.4244 35.3992 22.2028C35.7603 21.981 36.1931 21.8703 36.698 21.8703C37.4205 21.8703 37.9827 22.0439 38.385 22.3916C38.7873 22.7395 38.9885 23.2405 38.9885 23.8952V27.229H37.9455L37.7718 26.554C37.6009 26.7859 37.3846 26.97 37.1223 27.1061C36.8595 27.2425 36.5512 27.3105 36.1969 27.3105C35.8899 27.3105 35.6003 27.2494 35.3272 27.1267Z"
                          fill="#040606"
                        ></path>
                        <path
                          d="M40.9395 26.9022L39.0273 21.9528H40.3056L41.5429 25.3068L42.7087 21.9528H43.9767L41.2772 29.3154H40.0498L40.9395 26.9022Z"
                          fill="#040606"
                        ></path>
                      </svg>
                      <p
                        class="styled__StyledBodyText-sc-119w3hf-5 ggtTyf styled__DarkGreyBodyText-sc-9yzfq2-2 lmkdDf"
                      >
                        Low Everyday Price
                      </p>
                    </div>
                  </div>
                </div>
              </div>
              <div class="styles__StyledBuyBoxWrapper-dvv1wj-4 dSvjUC">
                <div
                  class="styles__StyledBuyBoxContainer-sc-1wx0qp6-0 erryje"
                  data-auto="buybox-container"
                >
                  <div class="styles__SafeFormWrapper-jtpu2t-0 lcrYKS">
                    <form
                      action="/groceries/en-GB/trolley/items/254863672?_method=PUT"
                      method="POST"
                    >
                      <input type="submit" class="hidden" /><input
                        type="hidden"
                        name="id"
                        value="254863672"
                      /><input
                        type="hidden"
                        name="identifier"
                        value="Page"
                      /><input
                        type="hidden"
                        name="anchorId"
                        value="#tile-254863672"
                      /><input
                        type="hidden"
                        name="returnUrl"
                        value="/groceries/en-GB/search?query=seafood&amp;redirectIfUnavailable=true#tile-254863672"
                      /><input type="hidden" name="backToUrl" value="#" /><input
                        type="hidden"
                        name="oldValue"
                        value="0"
                      /><input
                        type="hidden"
                        name="oldUnitChoice"
                        value="pcs"
                      /><input type="hidden" name="newUnitChoice" value="pcs" />
                      <div
                        class="base-components__RootElement-sc-1mosoyj-1 styled__Container-sc-6nhkzi-0 jptQqM hSNpTb beans-buybox__container"
                      >
                        <div
                          class="base-components__BaseElement-sc-1mosoyj-0 styled__PriceAndActions-sc-6nhkzi-3 oznwo eEPLov beans-buybox__price-and-actions"
                        >
                          <div
                            class="base-components__RootElement-sc-1mosoyj-1 styled__Container-sc-8qlq5b-0 jptQqM bgZrjw styled__StyledPrice-sc-6nhkzi-5 iYHeik beans-buybox__price beans-price__container"
                          >
                            <p
                              class="styled__StyledHeading-sc-119w3hf-2 jWPEtj styled__Text-sc-8qlq5b-1 lnaeiZ beans-price__text"
                            >
                              £0.60
                            </p>
                            <p
                              class="styled__StyledFootnote-sc-119w3hf-7 icrlVF styled__Subtext-sc-8qlq5b-2 bNJmdc beans-price__subtext"
                            >
                              £0.39/100g
                            </p>
                          </div>
                          <div
                            class="base-components__RootElement-sc-1mosoyj-1 styled__Container-vtxwzb-0 jptQqM bDFhXJ beans-buybox__actions beans-quantity-controls__container"
                          >
                            <div
                              class="base-components__RootElement-sc-1mosoyj-1 styled__Container-sc-16t2b2a-0 jptQqM PUfgZ styled__StyledFormGroup-vtxwzb-1 kzKuAr beans-quantity-controls__form-group beans-form-group__container"
                            >
                              <label
                                class="styled__StyledLabel-sc-1ttuvhr-0 izGEjV beans-form-group__label beans-label"
                                for="quantity-controls-254863672"
                                >Quantity controls<!-- -->
                              </label>
                              <div
                                class="base-components__BaseElement-sc-1mosoyj-0 styled__Children-sc-16t2b2a-3 oznwo gdJvjO beans-form-group__children"
                              >
                                <div
                                  class="styled__StyledQuantityControlWrapper-vtxwzb-6 LCxOg"
                                >
                                  <label
                                    id="quantity-controls-254863672-label"
                                    class="styled__VisuallyHiddenLabel-vtxwzb-7 gXlLiM"
                                    >Quantity of Glenryck Pilchards In Tomato
                                    Sauce 155G</label
                                  >
                                  <div
                                    class="component__Wrapper-sc-1kpmik-3 dReplG input-wrapper"
                                  >
                                    <input
                                      type="number"
                                      class="base-components__RootElement-sc-1mosoyj-1 styled__StyledInput-sc-1jd5f57-0 component__StyledAsInput-sc-1kpmik-4 jptQqM eJLlow styled__StyledInput-vtxwzb-3 lwMHo beans-quantity-controls__input beans-input"
                                      data-auto="beans-quantity-controls-input"
                                      autocomplete="off"
                                      id="quantity-controls-254863672"
                                      maxlength="2"
                                      name="newValue"
                                      aria-labelledby="quantity-controls-254863672-label"
                                      value="1"
                                    />
                                  </div>
                                </div>
                                <button
                                  class="styled__BaseButton-rsekm1-0 styled__PrimaryButton-rsekm1-2 jChbeY geeWOF styled__StyledButton-vtxwzb-5 japAxb beans-quantity-controls__add-button beans-button__container"
                                  type="submit"
                                  data-auto="beans-quantity-controls-add-button"
                                  aria-label="Quantity of Glenryck Pilchards In Tomato Sauce 155G"
                                >
                                  <span
                                    class="base-components__BaseElement-sc-1mosoyj-0 styled__InnerContainer-rsekm1-1 oznwo fuFres beans-button__inner-container"
                                    ><span
                                      class="base-components__BaseElement-sc-1mosoyj-0 styled__TextSpan-rsekm1-4 oznwo GDiMp beans-button__text"
                                      >Add</span
                                    ></span
                                  >
                                </button>
                              </div>
                            </div>
                          </div>
                        </div>
                      </div>
                      <input
                        type="hidden"
                        name="_csrf"
                        value="BeMqcJBE-zCJWuNH91oq73jFXs7WkHUAPSZM"
                      />
                    </form>
                  </div>
                </div>
              </div>
            </div>
            <div class="hidden-medium product-info-section-small">
              <div class="product-info-message-list">
                <div class="styled__WhiteBackground-sc-9yzfq2-1 jthPIJ">
                  <svg
                    width="56"
                    height="56"
                    viewBox="0 0 56 56"
                    fill="none"
                    xmlns="http://www.w3.org/2000/svg"
                  >
                    <path
                      d="M47.3812 23.9997C47.3812 36.9128 36.913 47.3809 23.9999 47.3809C11.0869 47.3809 0.618652 36.9128 0.618652 23.9997C0.618652 11.0866 11.0869 0.618412 23.9999 0.618412C36.913 0.618412 47.3812 11.0866 47.3812 23.9997Z"
                      fill="white"
                    ></path>
                    <path
                      d="M47.2669 24.0006C47.2669 36.8253 36.8706 47.2217 24.046 47.2217C11.2214 47.2217 0.73291 36.9173 0.73291 24.0926C0.73291 11.2678 11.2214 0.77932 24.046 0.77932C36.8706 0.77932 47.2669 11.1758 47.2669 24.0006Z"
                      fill="white"
                    ></path>
                    <path
                      d="M40.5112 24.4162H39.8523C39.8519 28.7959 38.0789 32.7545 35.2089 35.6251C32.3383 38.4946 28.3799 40.2678 24.0004 40.268C19.6209 40.2678 15.662 38.4946 12.7914 35.6251C9.92179 32.7545 8.14879 28.7959 8.14848 24.4162C8.14879 20.0367 9.92179 16.0782 12.7914 13.2075C15.662 10.3379 19.6209 8.565 24.0004 8.56473C28.3799 8.565 32.3383 10.3379 35.2089 13.2075C38.0789 16.0782 39.8519 20.0367 39.8523 24.4162H40.5112H41.1701C41.1697 14.9333 33.4831 7.2471 24.0004 7.24669C14.5175 7.2471 6.83099 14.9333 6.83057 24.4162C6.83099 33.8993 14.5175 41.5855 24.0004 41.5859C33.4831 41.5855 41.1697 33.8993 41.1701 24.4162H40.5112Z"
                      fill="#040606"
                    ></path>
                    <path
                      d="M46.5795 24.0003H45.9377C45.9373 30.0604 43.483 35.5404 39.5122 39.5124C35.5401 43.4833 30.06 45.9373 24.0003 45.9377C17.9403 45.9373 12.4601 43.4833 8.48825 39.5124C4.51756 35.5404 2.06321 30.0604 2.06284 24.0003C2.06321 17.9406 4.51756 12.4603 8.48825 8.48857C12.4601 4.51752 17.9403 2.06367 24.0003 2.06327C30.06 2.06367 35.5401 4.51752 39.5122 8.48857C43.483 12.4603 45.9373 17.9406 45.9377 24.0003H46.5795H47.2216C47.221 11.1753 36.8253 0.779591 24.0003 0.77932C11.1753 0.779591 0.779601 11.1753 0.778809 24.0003C0.779601 36.8256 11.1753 47.2214 24.0003 47.2217C36.8253 47.2214 47.221 36.8256 47.2216 24.0003H46.5795Z"
                      fill="#EE2742"
                    ></path>
                    <path
                      d="M38.9616 9.03867C42.7926 12.8723 45.158 18.1525 45.1588 23.9999C45.158 29.8475 42.7926 35.1277 38.9615 38.9615C35.1276 42.7928 29.8473 45.1577 24.0001 45.1585C18.1525 45.1577 12.8723 42.7928 9.03866 38.9613C5.20759 35.1277 2.84225 29.8475 2.84141 23.9999C2.84225 18.1525 5.20759 12.8723 9.03882 9.03867C12.8723 5.20738 18.1525 2.84242 24.0003 2.84161C29.8473 2.84242 35.1275 5.20738 38.9616 9.03867ZM48.0003 23.2212H47.9863C47.574 10.3265 36.9948 0.000953421 24.0001 0.000141651C10.7448 0.00108872 0.00126839 10.7446 0 23.9999C0.00126839 37.2556 10.7448 47.999 24.0001 48C36.9948 47.9992 47.574 37.6736 47.9863 24.7785H48.0003V24.0019C48.0003 24.0012 48.0003 24.0005 48.0003 24V23.2212Z"
                      fill="#EE2742"
                    ></path>
                    <path
                      d="M43.7523 30.792H10.9861L10.5169 29.0828H4.30322V18.3235H43.7523V30.792Z"
                      fill="white"
                    ></path>
                    <path
                      d="M18.3762 17.2768H20.8701V18.2578H17.3135V12.5344H18.3762V17.2768Z"
                      fill="#040606"
                    ></path>
                    <path
                      d="M22.3756 17.0477C22.5852 17.277 22.8593 17.3912 23.1974 17.3912C23.5353 17.3912 23.8092 17.277 24.019 17.0477C24.2289 16.819 24.3337 16.5195 24.3337 16.1485C24.3337 15.7778 24.2289 15.478 24.019 15.2491C23.8092 15.0201 23.5353 14.9056 23.1974 14.9056C22.8593 14.9056 22.5852 15.0201 22.3756 15.2491C22.1658 15.478 22.0609 15.7778 22.0609 16.1485C22.0609 16.5195 22.1658 16.819 22.3756 17.0477ZM21.3004 15.0325C21.4802 14.7027 21.735 14.4438 22.065 14.2557C22.3947 14.0677 22.7721 13.9736 23.1974 13.9736C23.6225 13.9736 23.9999 14.0677 24.3297 14.2557C24.6594 14.4438 24.9141 14.7027 25.0943 15.0325C25.2742 15.3623 25.3639 15.7344 25.3639 16.1485C25.3639 16.5628 25.2742 16.9348 25.0943 17.2646C24.9141 17.5944 24.6594 17.8532 24.3297 18.0414C23.9999 18.2295 23.6225 18.3232 23.1974 18.3232C22.7721 18.3232 22.3947 18.2295 22.065 18.0414C21.735 17.8532 21.4802 17.5944 21.3004 17.2646C21.1205 16.9348 21.0308 16.5628 21.0308 16.1485C21.0308 15.7344 21.1205 15.3623 21.3004 15.0325Z"
                      fill="#040606"
                    ></path>
                    <path
                      d="M30.1263 18.2578H29.145L28.4339 15.4943L27.7225 18.2578H26.7411L25.4248 14.039H26.4141L27.2153 16.8024L27.9431 14.039H28.9245L29.6522 16.8024L30.4533 14.039H31.4426L30.1263 18.2578Z"
                      fill="#040606"
                    ></path>
                    <path
                      d="M18.0825 33.0868C18.2357 32.9529 18.3121 32.7552 18.3121 32.4933C18.3121 32.2312 18.2357 32.0335 18.0825 31.8996C17.9301 31.7658 17.7224 31.6994 17.4605 31.6994H16.5027V33.287H17.4605C17.7224 33.287 17.9301 33.2206 18.0825 33.0868ZM16.5027 36.4473H15.4385V30.7164H17.5426C17.9244 30.7164 18.2548 30.7944 18.5331 30.95C18.8114 31.1058 19.0243 31.3182 19.1715 31.5886C19.319 31.8587 19.3923 32.1602 19.3923 32.4933C19.3923 32.826 19.319 33.1278 19.1715 33.3979C19.0243 33.6678 18.8114 33.8807 18.5331 34.0362C18.2548 34.1918 17.9244 34.2697 17.5426 34.2697H16.5027V36.4473Z"
                      fill="#040606"
                    ></path>
                    <path
                      d="M19.8657 32.2232H20.881V32.8617C21.0007 32.6323 21.17 32.4578 21.3886 32.3378C21.6068 32.2175 21.8498 32.1576 22.117 32.1576C22.3953 32.1576 22.6137 32.2201 22.7721 32.3457L22.4281 33.2055C22.2859 33.1289 22.1361 33.0906 21.9779 33.0906C21.6611 33.0906 21.3992 33.2275 21.192 33.5C20.9847 33.773 20.881 34.1931 20.881 34.7609V36.4473H19.8657V32.2232Z"
                      fill="#040606"
                    ></path>
                    <path
                      d="M24.176 36.4473H23.1607V32.2232H24.176V36.4473ZM23.2019 30.7412C23.3273 30.6156 23.4829 30.5529 23.6684 30.5529C23.8536 30.5529 24.0094 30.6156 24.135 30.7412C24.2604 30.8669 24.3232 31.0222 24.3232 31.2077C24.3232 31.3936 24.2604 31.5488 24.135 31.6746C24.0094 31.8 23.8536 31.8628 23.6684 31.8628C23.4829 31.8628 23.3273 31.8 23.2019 31.6746C23.0764 31.5488 23.0137 31.3936 23.0137 31.2077C23.0137 31.0222 23.0764 30.8669 23.2019 30.7412Z"
                      fill="#040606"
                    ></path>
                    <path
                      d="M25.8191 36.2343C25.4966 36.0492 25.2462 35.7915 25.0659 35.4611C24.8857 35.1309 24.7959 34.7557 24.7959 34.3352C24.7959 33.9151 24.8857 33.5396 25.0659 33.2096C25.2462 32.8794 25.4966 32.6214 25.8191 32.4359C26.1407 32.2504 26.5095 32.1577 26.9241 32.1577C27.8628 32.1577 28.4985 32.5424 28.8316 33.3121L27.9066 33.7294C27.6939 33.3035 27.3662 33.0907 26.9241 33.0907C26.6076 33.0907 26.3457 33.2056 26.138 33.4348C25.9309 33.6635 25.8271 33.964 25.8271 34.3352C25.8271 34.7065 25.9309 35.0066 26.138 35.2355C26.3457 35.4651 26.6076 35.5796 26.9241 35.5796C27.3662 35.5796 27.6939 35.3667 27.9066 34.9413L28.8316 35.3588C28.4985 36.1282 27.8628 36.5127 26.9241 36.5127C26.5095 36.5127 26.1407 36.4202 25.8191 36.2343Z"
                      fill="#040606"
                    ></path>
                    <path
                      d="M32.1759 33.8603C32.1377 33.6203 32.0274 33.4238 31.8445 33.2713C31.6617 33.118 31.4312 33.0416 31.1528 33.0416C30.9178 33.0416 30.7076 33.1142 30.5225 33.2587C30.3369 33.4032 30.2084 33.604 30.1373 33.8603H32.1759ZM33.216 34.6624H30.0966C30.151 34.9734 30.2791 35.21 30.4814 35.371C30.6832 35.5321 30.9289 35.6123 31.2182 35.6123C31.4582 35.6123 31.6586 35.5621 31.8197 35.4611C31.981 35.3597 32.1351 35.2059 32.2824 34.9982L33.1422 35.4651C32.9345 35.8037 32.6714 36.0625 32.3517 36.2427C32.0327 36.4226 31.6357 36.5127 31.1608 36.5127C30.7133 36.5127 30.3297 36.4082 30.0106 36.1979C29.6913 35.9875 29.4525 35.7161 29.2943 35.383C29.1359 35.0503 29.0571 34.7009 29.0571 34.3352C29.0571 33.9697 29.1399 33.6203 29.3065 33.2872C29.473 32.9545 29.7145 32.6831 30.0313 32.4728C30.3476 32.2626 30.7217 32.1577 31.1528 32.1577C31.5889 32.1577 31.9631 32.2557 32.2742 32.4523C32.5852 32.6488 32.8197 32.9067 32.9782 33.226C33.1365 33.545 33.216 33.8849 33.216 34.2453V34.6624Z"
                      fill="#040606"
                    ></path>
                    <path
                      d="M9.13617 21.298H6.03734V22.8016H8.52242V24.0285H6.03734V26.0024H9.23843V27.2295H4.70801V20.0709H9.13617V21.298Z"
                      fill="#040606"
                    ></path>
                    <path
                      d="M9.25439 21.9527H10.5327L11.7802 25.4808L13.0281 21.9527H14.3065L12.3532 27.2295H11.2076L9.25439 21.9527Z"
                      fill="#040606"
                    ></path>
                    <path
                      d="M18.1491 23.9973C18.1012 23.6974 17.963 23.4521 17.7347 23.261C17.5062 23.0701 17.2182 22.9747 16.8707 22.9747C16.5772 22.9747 16.3147 23.065 16.0828 23.2456C15.8514 23.4262 15.6909 23.6768 15.6023 23.9973H18.1491ZM19.4475 24.9994H15.5513C15.6193 25.3881 15.7795 25.6829 16.032 25.884C16.284 26.0852 16.5909 26.186 16.9524 26.186C17.2521 26.186 17.5026 26.1228 17.7037 25.9966C17.9049 25.8703 18.0977 25.6779 18.2817 25.4187L19.3555 26.0018C19.0961 26.4242 18.7676 26.7483 18.3688 26.9734C17.9699 27.1981 17.4737 27.3105 16.8807 27.3105C16.3216 27.3105 15.8426 27.1794 15.4437 26.9167C15.0453 26.6544 14.7468 26.3152 14.5491 25.8993C14.3513 25.4837 14.2524 25.0473 14.2524 24.5906C14.2524 24.1337 14.3562 23.6974 14.5643 23.2816C14.7722 22.8656 15.0741 22.5264 15.4696 22.264C15.865 22.0016 16.3319 21.8703 16.8707 21.8703C17.4159 21.8703 17.8828 21.993 18.2715 22.2385C18.6601 22.4839 18.9531 22.8059 19.1509 23.2047C19.3486 23.6036 19.4475 24.028 19.4475 24.478V24.9994Z"
                      fill="#040606"
                    ></path>
                    <path
                      d="M20.1338 21.9527H21.4018V22.7501C21.5515 22.4639 21.7634 22.2458 22.036 22.0959C22.3087 21.9458 22.612 21.8709 22.9463 21.8709C23.2937 21.8709 23.5665 21.9492 23.7642 22.1059L23.3349 23.1797C23.1574 23.0845 22.9698 23.0366 22.772 23.0366C22.3767 23.0366 22.0497 23.207 21.7903 23.5478C21.5315 23.8889 21.4018 24.4139 21.4018 25.1227V27.2295H20.1338V21.9527Z"
                      fill="#040606"
                    ></path>
                    <path
                      d="M25.7172 26.9022L23.8047 21.9528H25.0831L26.3206 25.3068L27.4865 21.9528H28.7545L26.0545 29.3154H24.8275L25.7172 26.9022Z"
                      fill="#040606"
                    ></path>
                    <path
                      d="M32.1759 25.7254C32.4245 25.446 32.5493 25.0676 32.5493 24.5906C32.5493 24.1133 32.4245 23.735 32.1759 23.4553C31.9268 23.1759 31.6152 23.036 31.2402 23.036C30.865 23.036 30.5531 23.1759 30.3045 23.4553C30.0554 23.735 29.9311 24.1133 29.9311 24.5906C29.9311 25.0676 30.0554 25.446 30.3045 25.7254C30.5531 26.0054 30.865 26.1448 31.2402 26.1448C31.6152 26.1448 31.9268 26.0054 32.1759 25.7254ZM29.7573 26.9631C29.403 26.7312 29.125 26.4072 28.9239 25.9916C28.7227 25.5757 28.6221 25.1086 28.6221 24.5906C28.6221 24.0656 28.7192 23.5968 28.9136 23.1845C29.1081 22.7719 29.3789 22.4498 29.727 22.2179C30.0745 21.9864 30.4733 21.8703 30.9232 21.8703C31.2775 21.8703 31.5877 21.9335 31.8535 22.0596C32.1196 22.1857 32.3243 22.3646 32.4673 22.5963V19.9886H33.7353V27.229H32.4673V26.5947C32.317 26.8062 32.1128 26.9783 31.8535 27.1111C31.5945 27.2441 31.2878 27.3105 30.9335 27.3105C30.5042 27.3105 30.1117 27.1947 29.7573 26.9631Z"
                      fill="#040606"
                    ></path>
                    <path
                      d="M37.3676 25.9197C37.603 25.7151 37.7204 25.4631 37.7204 25.1631V25.02H36.7184C36.4252 25.02 36.1916 25.0763 36.0177 25.1887C35.844 25.3011 35.7569 25.4562 35.7569 25.654C35.7569 25.838 35.8201 25.9794 35.9462 26.0784C36.0721 26.1772 36.258 26.2267 36.5037 26.2267C36.8444 26.2267 37.1326 26.1244 37.3676 25.9197ZM35.3272 27.1267C35.0547 27.0038 34.8363 26.8247 34.6729 26.5897C34.5093 26.3544 34.4277 26.073 34.4277 25.746C34.4277 25.2278 34.6219 24.8106 35.0105 24.4933C35.3992 24.1764 35.9241 24.0177 36.5854 24.0177H37.7204V23.8336C37.7204 23.5679 37.6284 23.3549 37.4444 23.1945C37.2603 23.0344 37.0113 22.9542 36.698 22.9542C36.4455 22.9542 36.2173 23.0207 36.0129 23.1536C35.8083 23.2866 35.6546 23.4419 35.5523 23.619L34.5809 23.036C34.7649 22.7021 35.0375 22.4244 35.3992 22.2028C35.7603 21.981 36.1931 21.8703 36.698 21.8703C37.4205 21.8703 37.9827 22.0439 38.385 22.3916C38.7873 22.7395 38.9885 23.2405 38.9885 23.8952V27.229H37.9455L37.7718 26.554C37.6009 26.7859 37.3846 26.97 37.1223 27.1061C36.8595 27.2425 36.5512 27.3105 36.1969 27.3105C35.8899 27.3105 35.6003 27.2494 35.3272 27.1267Z"
                      fill="#040606"
                    ></path>
                    <path
                      d="M40.9395 26.9022L39.0273 21.9528H40.3056L41.5429 25.3068L42.7087 21.9528H43.9767L41.2772 29.3154H40.0498L40.9395 26.9022Z"
                      fill="#040606"
                    ></path>
                  </svg>
                  <p
                    class="styled__StyledBodyText-sc-119w3hf-5 ggtTyf styled__DarkGreyBodyText-sc-9yzfq2-2 lmkdDf"
                  >
                    Low Everyday Price
                  </p>
                </div>
              </div>
            </div>
          </div>
        </div>
      </div>
    </div>
  </li>
  <li class="product-list--list-item">
    <div class="styles__StyledVerticalTileWrapper-dvv1wj-0 dtCNPH">
      <div
        data-auto="product-tile"
        data-auto-type="Quantity"
        data-auto-available="true"
        data-auto-is-restricted-disabled="false"
        data-auto-is-substitute="false"
        class="styles__StyledVerticalTile-dvv1wj-1 gSCsYK"
      >
        <div class="styles__StyledTileContentWrapper-dvv1wj-2 bkNhNP beans">
          <div
            id="tile-250319990"
            data-auto-id="250319990"
            class="styles__StyledTiledContent-dvv1wj-3 bcglTg"
          >
            <a
              href="/groceries/en-GB/products/250319990"
              aria-hidden="true"
              class="product-image-wrapper"
              tabindex="1"
              ><div class="product-image__container">
                <picture
                  ><img
                    class="styled__Image-sjvkdn-0 bJErKA product-image beans-responsive-image__image"
                    src="https://digitalcontent.api.tesco.com/v2/media/ghs/048ec057-8122-4c50-a058-80eb7c846682/a818c5fd-1a9b-41ec-bc97-0d578ca9f43f_1682637080.jpeg?h=225&amp;w=225"
                    srcset="
                      https://digitalcontent.api.tesco.com/v2/media/ghs/048ec057-8122-4c50-a058-80eb7c846682/a818c5fd-1a9b-41ec-bc97-0d578ca9f43f_1682637080.jpeg?h=225&amp;w=225  768w,
                      https://digitalcontent.api.tesco.com/v2/media/ghs/048ec057-8122-4c50-a058-80eb7c846682/a818c5fd-1a9b-41ec-bc97-0d578ca9f43f_1682637080.jpeg?h=225&amp;w=225 4000w
                    "
                    alt="John West Smoked Oysters Sunflower Oil 85G"
                /></picture></div
            ></a>
            <div class="product-details--wrapper">
              <h3 class="styles__H3-oa5soe-0 bCKNNq">
                <a
                  href="/groceries/en-GB/products/250319990"
                  class="styled__Anchor-sc-1xbujuz-0 csVOnh beans-link__anchor"
                  data-auto="product-tile--title"
                  ><span
                    class="styled__Text-sc-1xbujuz-1 ldbwMG beans-link__text"
                    >John West Smoked Oysters Sunflower Oil 85G</span
                  ></a
                >
              </h3>
              <div
                class="styles__StyledPromotionsAboveMobile-dvv1wj-7 iPTMuo"
              ></div>
              <div class="styles__StyledProductDetailsContent-dvv1wj-5 ddRSrq">
                <a
                  href="/groceries/en-GB/reviews/submission/250319990?from=%2Fsearch%3Fquery%3Dseafood"
                  aria-label="Write a review for John West Smoked Oysters Sunflower Oil 85G"
                  class="styled__Anchor-sc-1xbujuz-0 jSzuDt write-a-review-link beans-link__anchor"
                  data-auto="review-link"
                  ><span
                    class="styled__Text-sc-1xbujuz-1 fyDIEo beans-link__text"
                    >Write a review</span
                  ><span
                    class="styled__IconContainer-sc-1xbujuz-2 bSauSL beans-link__icon-container"
                    ><svg
                      aria-hidden="true"
                      class="styled__SVG-xxa4wh-1 hQMCqc beans-link__icon beans-icon__svg"
                      height="13.33"
                      preserveAspectRatio="xMinYMax meet"
                      viewBox="-1 0 12 20"
                      width="8"
                      xmlns="http://www.w3.org/2000/svg"
                      color="currentColor"
                    >
                      <path
                        d="M1.312 1.348L10.276 10l-8.964 8.644"
                        fill="none"
                        stroke="currentColor"
                      ></path></svg></span
                ></a>
                <div>
                  <a
                    href="/groceries/en-GB/shop/food-cupboard/tins-cans-and-packets/tinned-fish-and-seafood/tinned-seafood"
                    class="styled__Anchor-sc-1xbujuz-0 jSzuDt rest-of-shelf-link beans-link__anchor"
                    data-auto="rest-of-shelf-link"
                    ><span
                      class="styled__Text-sc-1xbujuz-1 fyDIEo beans-link__text"
                      >Rest of
                      <span class="visually-hidden">Tinned Seafood</span>
                      shelf</span
                    ><span
                      class="styled__IconContainer-sc-1xbujuz-2 bSauSL beans-link__icon-container"
                      ><svg
                        aria-hidden="true"
                        class="styled__SVG-xxa4wh-1 hQMCqc beans-link__icon beans-icon__svg"
                        height="13.33"
                        preserveAspectRatio="xMinYMax meet"
                        viewBox="-1 0 12 20"
                        width="8"
                        xmlns="http://www.w3.org/2000/svg"
                        color="currentColor"
                      >
                        <path
                          d="M1.312 1.348L10.276 10l-8.964 8.644"
                          fill="none"
                          stroke="currentColor"
                        ></path></svg></span
                  ></a>
                </div>
                <div class="product-info-message-section">
                  <div class="product-info-message-list"></div>
                </div>
              </div>
              <div class="styles__StyledBuyBoxWrapper-dvv1wj-4 dSvjUC">
                <div
                  class="styles__StyledBuyBoxContainer-sc-1wx0qp6-0 erryje"
                  data-auto="buybox-container"
                >
                  <div class="styles__SafeFormWrapper-jtpu2t-0 lcrYKS">
                    <form
                      action="/groceries/en-GB/trolley/items/250319990?_method=PUT"
                      method="POST"
                    >
                      <input type="submit" class="hidden" /><input
                        type="hidden"
                        name="id"
                        value="250319990"
                      /><input
                        type="hidden"
                        name="identifier"
                        value="Page"
                      /><input
                        type="hidden"
                        name="anchorId"
                        value="#tile-250319990"
                      /><input
                        type="hidden"
                        name="returnUrl"
                        value="/groceries/en-GB/search?query=seafood&amp;redirectIfUnavailable=true#tile-250319990"
                      /><input type="hidden" name="backToUrl" value="#" /><input
                        type="hidden"
                        name="oldValue"
                        value="0"
                      /><input
                        type="hidden"
                        name="oldUnitChoice"
                        value="pcs"
                      /><input type="hidden" name="newUnitChoice" value="pcs" />
                      <div
                        class="base-components__RootElement-sc-1mosoyj-1 styled__Container-sc-6nhkzi-0 jptQqM hSNpTb beans-buybox__container"
                      >
                        <div
                          class="base-components__BaseElement-sc-1mosoyj-0 styled__PriceAndActions-sc-6nhkzi-3 oznwo eEPLov beans-buybox__price-and-actions"
                        >
                          <div
                            class="base-components__RootElement-sc-1mosoyj-1 styled__Container-sc-8qlq5b-0 jptQqM bgZrjw styled__StyledPrice-sc-6nhkzi-5 iYHeik beans-buybox__price beans-price__container"
                          >
                            <p
                              class="styled__StyledHeading-sc-119w3hf-2 jWPEtj styled__Text-sc-8qlq5b-1 lnaeiZ beans-price__text"
                            >
                              £2.30
                            </p>
                            <p
                              class="styled__StyledFootnote-sc-119w3hf-7 icrlVF styled__Subtext-sc-8qlq5b-2 bNJmdc beans-price__subtext"
                            >
                              £3.54/100g DR.WT
                            </p>
                          </div>
                          <div
                            class="base-components__RootElement-sc-1mosoyj-1 styled__Container-vtxwzb-0 jptQqM bDFhXJ beans-buybox__actions beans-quantity-controls__container"
                          >
                            <div
                              class="base-components__RootElement-sc-1mosoyj-1 styled__Container-sc-16t2b2a-0 jptQqM PUfgZ styled__StyledFormGroup-vtxwzb-1 kzKuAr beans-quantity-controls__form-group beans-form-group__container"
                            >
                              <label
                                class="styled__StyledLabel-sc-1ttuvhr-0 izGEjV beans-form-group__label beans-label"
                                for="quantity-controls-250319990"
                                >Quantity controls<!-- -->
                              </label>
                              <div
                                class="base-components__BaseElement-sc-1mosoyj-0 styled__Children-sc-16t2b2a-3 oznwo gdJvjO beans-form-group__children"
                              >
                                <div
                                  class="styled__StyledQuantityControlWrapper-vtxwzb-6 LCxOg"
                                >
                                  <label
                                    id="quantity-controls-250319990-label"
                                    class="styled__VisuallyHiddenLabel-vtxwzb-7 gXlLiM"
                                    >Quantity of John West Smoked Oysters
                                    Sunflower Oil 85G</label
                                  >
                                  <div
                                    class="component__Wrapper-sc-1kpmik-3 dReplG input-wrapper"
                                  >
                                    <input
                                      type="number"
                                      class="base-components__RootElement-sc-1mosoyj-1 styled__StyledInput-sc-1jd5f57-0 component__StyledAsInput-sc-1kpmik-4 jptQqM eJLlow styled__StyledInput-vtxwzb-3 lwMHo beans-quantity-controls__input beans-input"
                                      data-auto="beans-quantity-controls-input"
                                      autocomplete="off"
                                      id="quantity-controls-250319990"
                                      maxlength="2"
                                      name="newValue"
                                      aria-labelledby="quantity-controls-250319990-label"
                                      value="1"
                                    />
                                  </div>
                                </div>
                                <button
                                  class="styled__BaseButton-rsekm1-0 styled__PrimaryButton-rsekm1-2 jChbeY geeWOF styled__StyledButton-vtxwzb-5 japAxb beans-quantity-controls__add-button beans-button__container"
                                  type="submit"
                                  data-auto="beans-quantity-controls-add-button"
                                  aria-label="Quantity of John West Smoked Oysters Sunflower Oil 85G"
                                >
                                  <span
                                    class="base-components__BaseElement-sc-1mosoyj-0 styled__InnerContainer-rsekm1-1 oznwo fuFres beans-button__inner-container"
                                    ><span
                                      class="base-components__BaseElement-sc-1mosoyj-0 styled__TextSpan-rsekm1-4 oznwo GDiMp beans-button__text"
                                      >Add</span
                                    ></span
                                  >
                                </button>
                              </div>
                            </div>
                          </div>
                        </div>
                      </div>
                      <input
                        type="hidden"
                        name="_csrf"
                        value="BeMqcJBE-zCJWuNH91oq73jFXs7WkHUAPSZM"
                      />
                    </form>
                  </div>
                </div>
              </div>
            </div>
            <div class="hidden-medium product-info-section-small">
              <div class="product-info-message-list"></div>
            </div>
          </div>
        </div>
      </div>
    </div>
  </li>
  <li class="product-list--list-item">
    <div class="styles__StyledVerticalTileWrapper-dvv1wj-0 dtCNPH">
      <div
        data-auto="product-tile"
        data-auto-type="Quantity"
        data-auto-available="true"
        data-auto-is-restricted-disabled="false"
        data-auto-is-substitute="false"
        class="styles__StyledVerticalTile-dvv1wj-1 gSCsYK"
      >
        <div class="styles__StyledTileContentWrapper-dvv1wj-2 bkNhNP beans">
          <div
            id="tile-308105359"
            data-auto-id="308105359"
            class="styles__StyledTiledContent-dvv1wj-3 bcglTg"
          >
            <a
              href="/groceries/en-GB/products/308105359"
              aria-hidden="true"
              class="product-image-wrapper"
              tabindex="1"
              ><div class="product-image__container">
                <picture
                  ><img
                    class="styled__Image-sjvkdn-0 bJErKA product-image beans-responsive-image__image"
                    src="https://digitalcontent.api.tesco.com/v2/media/ghs/3e1383e7-2881-4dd9-a4bd-71a1e3d14cbd/0c2ca4b6-1ddd-468b-9374-eead3b77d264_1940822369.jpeg?h=225&amp;w=225"
                    srcset="
                      https://digitalcontent.api.tesco.com/v2/media/ghs/3e1383e7-2881-4dd9-a4bd-71a1e3d14cbd/0c2ca4b6-1ddd-468b-9374-eead3b77d264_1940822369.jpeg?h=225&amp;w=225  768w,
                      https://digitalcontent.api.tesco.com/v2/media/ghs/3e1383e7-2881-4dd9-a4bd-71a1e3d14cbd/0c2ca4b6-1ddd-468b-9374-eead3b77d264_1940822369.jpeg?h=225&amp;w=225 4000w
                    "
                    alt="Lykkeberg Lumpfish Caviar 100G"
                /></picture></div
            ></a>
            <div class="product-details--wrapper">
              <h3 class="styles__H3-oa5soe-0 bCKNNq">
                <a
                  href="/groceries/en-GB/products/308105359"
                  class="styled__Anchor-sc-1xbujuz-0 csVOnh beans-link__anchor"
                  data-auto="product-tile--title"
                  ><span
                    class="styled__Text-sc-1xbujuz-1 ldbwMG beans-link__text"
                    >Lykkeberg Lumpfish Caviar 100G</span
                  ></a
                >
              </h3>
              <div
                class="styles__StyledPromotionsAboveMobile-dvv1wj-7 iPTMuo"
              ></div>
              <div class="styles__StyledProductDetailsContent-dvv1wj-5 ddRSrq">
                <a
                  href="/groceries/en-GB/reviews/submission/308105359?from=%2Fsearch%3Fquery%3Dseafood"
                  aria-label="Write a review for Lykkeberg Lumpfish Caviar 100G"
                  class="styled__Anchor-sc-1xbujuz-0 jSzuDt write-a-review-link beans-link__anchor"
                  data-auto="review-link"
                  ><span
                    class="styled__Text-sc-1xbujuz-1 fyDIEo beans-link__text"
                    >Write a review</span
                  ><span
                    class="styled__IconContainer-sc-1xbujuz-2 bSauSL beans-link__icon-container"
                    ><svg
                      aria-hidden="true"
                      class="styled__SVG-xxa4wh-1 hQMCqc beans-link__icon beans-icon__svg"
                      height="13.33"
                      preserveAspectRatio="xMinYMax meet"
                      viewBox="-1 0 12 20"
                      width="8"
                      xmlns="http://www.w3.org/2000/svg"
                      color="currentColor"
                    >
                      <path
                        d="M1.312 1.348L10.276 10l-8.964 8.644"
                        fill="none"
                        stroke="currentColor"
                      ></path></svg></span
                ></a>
                <div>
                  <a
                    href="/groceries/en-GB/shop/food-cupboard/tins-cans-and-packets/tinned-fish-and-seafood/tinned-seafood"
                    class="styled__Anchor-sc-1xbujuz-0 jSzuDt rest-of-shelf-link beans-link__anchor"
                    data-auto="rest-of-shelf-link"
                    ><span
                      class="styled__Text-sc-1xbujuz-1 fyDIEo beans-link__text"
                      >Rest of
                      <span class="visually-hidden">Tinned Seafood</span>
                      shelf</span
                    ><span
                      class="styled__IconContainer-sc-1xbujuz-2 bSauSL beans-link__icon-container"
                      ><svg
                        aria-hidden="true"
                        class="styled__SVG-xxa4wh-1 hQMCqc beans-link__icon beans-icon__svg"
                        height="13.33"
                        preserveAspectRatio="xMinYMax meet"
                        viewBox="-1 0 12 20"
                        width="8"
                        xmlns="http://www.w3.org/2000/svg"
                        color="currentColor"
                      >
                        <path
                          d="M1.312 1.348L10.276 10l-8.964 8.644"
                          fill="none"
                          stroke="currentColor"
                        ></path></svg></span
                  ></a>
                </div>
                <div class="product-info-message-section">
                  <div class="product-info-message-list">
                    <div class="styled__WhiteBackground-sc-9yzfq2-1 jthPIJ">
                      <svg
                        width="56"
                        height="56"
                        viewBox="0 0 56 56"
                        fill="none"
                        xmlns="http://www.w3.org/2000/svg"
                      >
                        <path
                          d="M47.3812 23.9997C47.3812 36.9128 36.913 47.3809 23.9999 47.3809C11.0869 47.3809 0.618652 36.9128 0.618652 23.9997C0.618652 11.0866 11.0869 0.618412 23.9999 0.618412C36.913 0.618412 47.3812 11.0866 47.3812 23.9997Z"
                          fill="white"
                        ></path>
                        <path
                          d="M47.2669 24.0006C47.2669 36.8253 36.8706 47.2217 24.046 47.2217C11.2214 47.2217 0.73291 36.9173 0.73291 24.0926C0.73291 11.2678 11.2214 0.77932 24.046 0.77932C36.8706 0.77932 47.2669 11.1758 47.2669 24.0006Z"
                          fill="white"
                        ></path>
                        <path
                          d="M40.5112 24.4162H39.8523C39.8519 28.7959 38.0789 32.7545 35.2089 35.6251C32.3383 38.4946 28.3799 40.2678 24.0004 40.268C19.6209 40.2678 15.662 38.4946 12.7914 35.6251C9.92179 32.7545 8.14879 28.7959 8.14848 24.4162C8.14879 20.0367 9.92179 16.0782 12.7914 13.2075C15.662 10.3379 19.6209 8.565 24.0004 8.56473C28.3799 8.565 32.3383 10.3379 35.2089 13.2075C38.0789 16.0782 39.8519 20.0367 39.8523 24.4162H40.5112H41.1701C41.1697 14.9333 33.4831 7.2471 24.0004 7.24669C14.5175 7.2471 6.83099 14.9333 6.83057 24.4162C6.83099 33.8993 14.5175 41.5855 24.0004 41.5859C33.4831 41.5855 41.1697 33.8993 41.1701 24.4162H40.5112Z"
                          fill="#040606"
                        ></path>
                        <path
                          d="M46.5795 24.0003H45.9377C45.9373 30.0604 43.483 35.5404 39.5122 39.5124C35.5401 43.4833 30.06 45.9373 24.0003 45.9377C17.9403 45.9373 12.4601 43.4833 8.48825 39.5124C4.51756 35.5404 2.06321 30.0604 2.06284 24.0003C2.06321 17.9406 4.51756 12.4603 8.48825 8.48857C12.4601 4.51752 17.9403 2.06367 24.0003 2.06327C30.06 2.06367 35.5401 4.51752 39.5122 8.48857C43.483 12.4603 45.9373 17.9406 45.9377 24.0003H46.5795H47.2216C47.221 11.1753 36.8253 0.779591 24.0003 0.77932C11.1753 0.779591 0.779601 11.1753 0.778809 24.0003C0.779601 36.8256 11.1753 47.2214 24.0003 47.2217C36.8253 47.2214 47.221 36.8256 47.2216 24.0003H46.5795Z"
                          fill="#EE2742"
                        ></path>
                        <path
                          d="M38.9616 9.03867C42.7926 12.8723 45.158 18.1525 45.1588 23.9999C45.158 29.8475 42.7926 35.1277 38.9615 38.9615C35.1276 42.7928 29.8473 45.1577 24.0001 45.1585C18.1525 45.1577 12.8723 42.7928 9.03866 38.9613C5.20759 35.1277 2.84225 29.8475 2.84141 23.9999C2.84225 18.1525 5.20759 12.8723 9.03882 9.03867C12.8723 5.20738 18.1525 2.84242 24.0003 2.84161C29.8473 2.84242 35.1275 5.20738 38.9616 9.03867ZM48.0003 23.2212H47.9863C47.574 10.3265 36.9948 0.000953421 24.0001 0.000141651C10.7448 0.00108872 0.00126839 10.7446 0 23.9999C0.00126839 37.2556 10.7448 47.999 24.0001 48C36.9948 47.9992 47.574 37.6736 47.9863 24.7785H48.0003V24.0019C48.0003 24.0012 48.0003 24.0005 48.0003 24V23.2212Z"
                          fill="#EE2742"
                        ></path>
                        <path
                          d="M43.7523 30.792H10.9861L10.5169 29.0828H4.30322V18.3235H43.7523V30.792Z"
                          fill="white"
                        ></path>
                        <path
                          d="M18.3762 17.2768H20.8701V18.2578H17.3135V12.5344H18.3762V17.2768Z"
                          fill="#040606"
                        ></path>
                        <path
                          d="M22.3756 17.0477C22.5852 17.277 22.8593 17.3912 23.1974 17.3912C23.5353 17.3912 23.8092 17.277 24.019 17.0477C24.2289 16.819 24.3337 16.5195 24.3337 16.1485C24.3337 15.7778 24.2289 15.478 24.019 15.2491C23.8092 15.0201 23.5353 14.9056 23.1974 14.9056C22.8593 14.9056 22.5852 15.0201 22.3756 15.2491C22.1658 15.478 22.0609 15.7778 22.0609 16.1485C22.0609 16.5195 22.1658 16.819 22.3756 17.0477ZM21.3004 15.0325C21.4802 14.7027 21.735 14.4438 22.065 14.2557C22.3947 14.0677 22.7721 13.9736 23.1974 13.9736C23.6225 13.9736 23.9999 14.0677 24.3297 14.2557C24.6594 14.4438 24.9141 14.7027 25.0943 15.0325C25.2742 15.3623 25.3639 15.7344 25.3639 16.1485C25.3639 16.5628 25.2742 16.9348 25.0943 17.2646C24.9141 17.5944 24.6594 17.8532 24.3297 18.0414C23.9999 18.2295 23.6225 18.3232 23.1974 18.3232C22.7721 18.3232 22.3947 18.2295 22.065 18.0414C21.735 17.8532 21.4802 17.5944 21.3004 17.2646C21.1205 16.9348 21.0308 16.5628 21.0308 16.1485C21.0308 15.7344 21.1205 15.3623 21.3004 15.0325Z"
                          fill="#040606"
                        ></path>
                        <path
                          d="M30.1263 18.2578H29.145L28.4339 15.4943L27.7225 18.2578H26.7411L25.4248 14.039H26.4141L27.2153 16.8024L27.9431 14.039H28.9245L29.6522 16.8024L30.4533 14.039H31.4426L30.1263 18.2578Z"
                          fill="#040606"
                        ></path>
                        <path
                          d="M18.0825 33.0868C18.2357 32.9529 18.3121 32.7552 18.3121 32.4933C18.3121 32.2312 18.2357 32.0335 18.0825 31.8996C17.9301 31.7658 17.7224 31.6994 17.4605 31.6994H16.5027V33.287H17.4605C17.7224 33.287 17.9301 33.2206 18.0825 33.0868ZM16.5027 36.4473H15.4385V30.7164H17.5426C17.9244 30.7164 18.2548 30.7944 18.5331 30.95C18.8114 31.1058 19.0243 31.3182 19.1715 31.5886C19.319 31.8587 19.3923 32.1602 19.3923 32.4933C19.3923 32.826 19.319 33.1278 19.1715 33.3979C19.0243 33.6678 18.8114 33.8807 18.5331 34.0362C18.2548 34.1918 17.9244 34.2697 17.5426 34.2697H16.5027V36.4473Z"
                          fill="#040606"
                        ></path>
                        <path
                          d="M19.8657 32.2232H20.881V32.8617C21.0007 32.6323 21.17 32.4578 21.3886 32.3378C21.6068 32.2175 21.8498 32.1576 22.117 32.1576C22.3953 32.1576 22.6137 32.2201 22.7721 32.3457L22.4281 33.2055C22.2859 33.1289 22.1361 33.0906 21.9779 33.0906C21.6611 33.0906 21.3992 33.2275 21.192 33.5C20.9847 33.773 20.881 34.1931 20.881 34.7609V36.4473H19.8657V32.2232Z"
                          fill="#040606"
                        ></path>
                        <path
                          d="M24.176 36.4473H23.1607V32.2232H24.176V36.4473ZM23.2019 30.7412C23.3273 30.6156 23.4829 30.5529 23.6684 30.5529C23.8536 30.5529 24.0094 30.6156 24.135 30.7412C24.2604 30.8669 24.3232 31.0222 24.3232 31.2077C24.3232 31.3936 24.2604 31.5488 24.135 31.6746C24.0094 31.8 23.8536 31.8628 23.6684 31.8628C23.4829 31.8628 23.3273 31.8 23.2019 31.6746C23.0764 31.5488 23.0137 31.3936 23.0137 31.2077C23.0137 31.0222 23.0764 30.8669 23.2019 30.7412Z"
                          fill="#040606"
                        ></path>
                        <path
                          d="M25.8191 36.2343C25.4966 36.0492 25.2462 35.7915 25.0659 35.4611C24.8857 35.1309 24.7959 34.7557 24.7959 34.3352C24.7959 33.9151 24.8857 33.5396 25.0659 33.2096C25.2462 32.8794 25.4966 32.6214 25.8191 32.4359C26.1407 32.2504 26.5095 32.1577 26.9241 32.1577C27.8628 32.1577 28.4985 32.5424 28.8316 33.3121L27.9066 33.7294C27.6939 33.3035 27.3662 33.0907 26.9241 33.0907C26.6076 33.0907 26.3457 33.2056 26.138 33.4348C25.9309 33.6635 25.8271 33.964 25.8271 34.3352C25.8271 34.7065 25.9309 35.0066 26.138 35.2355C26.3457 35.4651 26.6076 35.5796 26.9241 35.5796C27.3662 35.5796 27.6939 35.3667 27.9066 34.9413L28.8316 35.3588C28.4985 36.1282 27.8628 36.5127 26.9241 36.5127C26.5095 36.5127 26.1407 36.4202 25.8191 36.2343Z"
                          fill="#040606"
                        ></path>
                        <path
                          d="M32.1759 33.8603C32.1377 33.6203 32.0274 33.4238 31.8445 33.2713C31.6617 33.118 31.4312 33.0416 31.1528 33.0416C30.9178 33.0416 30.7076 33.1142 30.5225 33.2587C30.3369 33.4032 30.2084 33.604 30.1373 33.8603H32.1759ZM33.216 34.6624H30.0966C30.151 34.9734 30.2791 35.21 30.4814 35.371C30.6832 35.5321 30.9289 35.6123 31.2182 35.6123C31.4582 35.6123 31.6586 35.5621 31.8197 35.4611C31.981 35.3597 32.1351 35.2059 32.2824 34.9982L33.1422 35.4651C32.9345 35.8037 32.6714 36.0625 32.3517 36.2427C32.0327 36.4226 31.6357 36.5127 31.1608 36.5127C30.7133 36.5127 30.3297 36.4082 30.0106 36.1979C29.6913 35.9875 29.4525 35.7161 29.2943 35.383C29.1359 35.0503 29.0571 34.7009 29.0571 34.3352C29.0571 33.9697 29.1399 33.6203 29.3065 33.2872C29.473 32.9545 29.7145 32.6831 30.0313 32.4728C30.3476 32.2626 30.7217 32.1577 31.1528 32.1577C31.5889 32.1577 31.9631 32.2557 32.2742 32.4523C32.5852 32.6488 32.8197 32.9067 32.9782 33.226C33.1365 33.545 33.216 33.8849 33.216 34.2453V34.6624Z"
                          fill="#040606"
                        ></path>
                        <path
                          d="M9.13617 21.298H6.03734V22.8016H8.52242V24.0285H6.03734V26.0024H9.23843V27.2295H4.70801V20.0709H9.13617V21.298Z"
                          fill="#040606"
                        ></path>
                        <path
                          d="M9.25439 21.9527H10.5327L11.7802 25.4808L13.0281 21.9527H14.3065L12.3532 27.2295H11.2076L9.25439 21.9527Z"
                          fill="#040606"
                        ></path>
                        <path
                          d="M18.1491 23.9973C18.1012 23.6974 17.963 23.4521 17.7347 23.261C17.5062 23.0701 17.2182 22.9747 16.8707 22.9747C16.5772 22.9747 16.3147 23.065 16.0828 23.2456C15.8514 23.4262 15.6909 23.6768 15.6023 23.9973H18.1491ZM19.4475 24.9994H15.5513C15.6193 25.3881 15.7795 25.6829 16.032 25.884C16.284 26.0852 16.5909 26.186 16.9524 26.186C17.2521 26.186 17.5026 26.1228 17.7037 25.9966C17.9049 25.8703 18.0977 25.6779 18.2817 25.4187L19.3555 26.0018C19.0961 26.4242 18.7676 26.7483 18.3688 26.9734C17.9699 27.1981 17.4737 27.3105 16.8807 27.3105C16.3216 27.3105 15.8426 27.1794 15.4437 26.9167C15.0453 26.6544 14.7468 26.3152 14.5491 25.8993C14.3513 25.4837 14.2524 25.0473 14.2524 24.5906C14.2524 24.1337 14.3562 23.6974 14.5643 23.2816C14.7722 22.8656 15.0741 22.5264 15.4696 22.264C15.865 22.0016 16.3319 21.8703 16.8707 21.8703C17.4159 21.8703 17.8828 21.993 18.2715 22.2385C18.6601 22.4839 18.9531 22.8059 19.1509 23.2047C19.3486 23.6036 19.4475 24.028 19.4475 24.478V24.9994Z"
                          fill="#040606"
                        ></path>
                        <path
                          d="M20.1338 21.9527H21.4018V22.7501C21.5515 22.4639 21.7634 22.2458 22.036 22.0959C22.3087 21.9458 22.612 21.8709 22.9463 21.8709C23.2937 21.8709 23.5665 21.9492 23.7642 22.1059L23.3349 23.1797C23.1574 23.0845 22.9698 23.0366 22.772 23.0366C22.3767 23.0366 22.0497 23.207 21.7903 23.5478C21.5315 23.8889 21.4018 24.4139 21.4018 25.1227V27.2295H20.1338V21.9527Z"
                          fill="#040606"
                        ></path>
                        <path
                          d="M25.7172 26.9022L23.8047 21.9528H25.0831L26.3206 25.3068L27.4865 21.9528H28.7545L26.0545 29.3154H24.8275L25.7172 26.9022Z"
                          fill="#040606"
                        ></path>
                        <path
                          d="M32.1759 25.7254C32.4245 25.446 32.5493 25.0676 32.5493 24.5906C32.5493 24.1133 32.4245 23.735 32.1759 23.4553C31.9268 23.1759 31.6152 23.036 31.2402 23.036C30.865 23.036 30.5531 23.1759 30.3045 23.4553C30.0554 23.735 29.9311 24.1133 29.9311 24.5906C29.9311 25.0676 30.0554 25.446 30.3045 25.7254C30.5531 26.0054 30.865 26.1448 31.2402 26.1448C31.6152 26.1448 31.9268 26.0054 32.1759 25.7254ZM29.7573 26.9631C29.403 26.7312 29.125 26.4072 28.9239 25.9916C28.7227 25.5757 28.6221 25.1086 28.6221 24.5906C28.6221 24.0656 28.7192 23.5968 28.9136 23.1845C29.1081 22.7719 29.3789 22.4498 29.727 22.2179C30.0745 21.9864 30.4733 21.8703 30.9232 21.8703C31.2775 21.8703 31.5877 21.9335 31.8535 22.0596C32.1196 22.1857 32.3243 22.3646 32.4673 22.5963V19.9886H33.7353V27.229H32.4673V26.5947C32.317 26.8062 32.1128 26.9783 31.8535 27.1111C31.5945 27.2441 31.2878 27.3105 30.9335 27.3105C30.5042 27.3105 30.1117 27.1947 29.7573 26.9631Z"
                          fill="#040606"
                        ></path>
                        <path
                          d="M37.3676 25.9197C37.603 25.7151 37.7204 25.4631 37.7204 25.1631V25.02H36.7184C36.4252 25.02 36.1916 25.0763 36.0177 25.1887C35.844 25.3011 35.7569 25.4562 35.7569 25.654C35.7569 25.838 35.8201 25.9794 35.9462 26.0784C36.0721 26.1772 36.258 26.2267 36.5037 26.2267C36.8444 26.2267 37.1326 26.1244 37.3676 25.9197ZM35.3272 27.1267C35.0547 27.0038 34.8363 26.8247 34.6729 26.5897C34.5093 26.3544 34.4277 26.073 34.4277 25.746C34.4277 25.2278 34.6219 24.8106 35.0105 24.4933C35.3992 24.1764 35.9241 24.0177 36.5854 24.0177H37.7204V23.8336C37.7204 23.5679 37.6284 23.3549 37.4444 23.1945C37.2603 23.0344 37.0113 22.9542 36.698 22.9542C36.4455 22.9542 36.2173 23.0207 36.0129 23.1536C35.8083 23.2866 35.6546 23.4419 35.5523 23.619L34.5809 23.036C34.7649 22.7021 35.0375 22.4244 35.3992 22.2028C35.7603 21.981 36.1931 21.8703 36.698 21.8703C37.4205 21.8703 37.9827 22.0439 38.385 22.3916C38.7873 22.7395 38.9885 23.2405 38.9885 23.8952V27.229H37.9455L37.7718 26.554C37.6009 26.7859 37.3846 26.97 37.1223 27.1061C36.8595 27.2425 36.5512 27.3105 36.1969 27.3105C35.8899 27.3105 35.6003 27.2494 35.3272 27.1267Z"
                          fill="#040606"
                        ></path>
                        <path
                          d="M40.9395 26.9022L39.0273 21.9528H40.3056L41.5429 25.3068L42.7087 21.9528H43.9767L41.2772 29.3154H40.0498L40.9395 26.9022Z"
                          fill="#040606"
                        ></path>
                      </svg>
                      <p
                        class="styled__StyledBodyText-sc-119w3hf-5 ggtTyf styled__DarkGreyBodyText-sc-9yzfq2-2 lmkdDf"
                      >
                        Low Everyday Price
                      </p>
                    </div>
                  </div>
                </div>
              </div>
              <div class="styles__StyledBuyBoxWrapper-dvv1wj-4 dSvjUC">
                <div
                  class="styles__StyledBuyBoxContainer-sc-1wx0qp6-0 erryje"
                  data-auto="buybox-container"
                >
                  <div class="styles__SafeFormWrapper-jtpu2t-0 lcrYKS">
                    <form
                      action="/groceries/en-GB/trolley/items/308105359?_method=PUT"
                      method="POST"
                    >
                      <input type="submit" class="hidden" /><input
                        type="hidden"
                        name="id"
                        value="308105359"
                      /><input
                        type="hidden"
                        name="identifier"
                        value="Page"
                      /><input
                        type="hidden"
                        name="anchorId"
                        value="#tile-308105359"
                      /><input
                        type="hidden"
                        name="returnUrl"
                        value="/groceries/en-GB/search?query=seafood&amp;redirectIfUnavailable=true#tile-308105359"
                      /><input type="hidden" name="backToUrl" value="#" /><input
                        type="hidden"
                        name="oldValue"
                        value="0"
                      /><input
                        type="hidden"
                        name="oldUnitChoice"
                        value="pcs"
                      /><input type="hidden" name="newUnitChoice" value="pcs" />
                      <div
                        class="base-components__RootElement-sc-1mosoyj-1 styled__Container-sc-6nhkzi-0 jptQqM hSNpTb beans-buybox__container"
                      >
                        <div
                          class="base-components__BaseElement-sc-1mosoyj-0 styled__PriceAndActions-sc-6nhkzi-3 oznwo eEPLov beans-buybox__price-and-actions"
                        >
                          <div
                            class="base-components__RootElement-sc-1mosoyj-1 styled__Container-sc-8qlq5b-0 jptQqM bgZrjw styled__StyledPrice-sc-6nhkzi-5 iYHeik beans-buybox__price beans-price__container"
                          >
                            <p
                              class="styled__StyledHeading-sc-119w3hf-2 jWPEtj styled__Text-sc-8qlq5b-1 lnaeiZ beans-price__text"
                            >
                              £4.30
                            </p>
                            <p
                              class="styled__StyledFootnote-sc-119w3hf-7 icrlVF styled__Subtext-sc-8qlq5b-2 bNJmdc beans-price__subtext"
                            >
                              £4.30/100g
                            </p>
                          </div>
                          <div
                            class="base-components__RootElement-sc-1mosoyj-1 styled__Container-vtxwzb-0 jptQqM bDFhXJ beans-buybox__actions beans-quantity-controls__container"
                          >
                            <div
                              class="base-components__RootElement-sc-1mosoyj-1 styled__Container-sc-16t2b2a-0 jptQqM PUfgZ styled__StyledFormGroup-vtxwzb-1 kzKuAr beans-quantity-controls__form-group beans-form-group__container"
                            >
                              <label
                                class="styled__StyledLabel-sc-1ttuvhr-0 izGEjV beans-form-group__label beans-label"
                                for="quantity-controls-308105359"
                                >Quantity controls<!-- -->
                              </label>
                              <div
                                class="base-components__BaseElement-sc-1mosoyj-0 styled__Children-sc-16t2b2a-3 oznwo gdJvjO beans-form-group__children"
                              >
                                <div
                                  class="styled__StyledQuantityControlWrapper-vtxwzb-6 LCxOg"
                                >
                                  <label
                                    id="quantity-controls-308105359-label"
                                    class="styled__VisuallyHiddenLabel-vtxwzb-7 gXlLiM"
                                    >Quantity of Lykkeberg Lumpfish Caviar
                                    100G</label
                                  >
                                  <div
                                    class="component__Wrapper-sc-1kpmik-3 dReplG input-wrapper"
                                  >
                                    <input
                                      type="number"
                                      class="base-components__RootElement-sc-1mosoyj-1 styled__StyledInput-sc-1jd5f57-0 component__StyledAsInput-sc-1kpmik-4 jptQqM eJLlow styled__StyledInput-vtxwzb-3 lwMHo beans-quantity-controls__input beans-input"
                                      data-auto="beans-quantity-controls-input"
                                      autocomplete="off"
                                      id="quantity-controls-308105359"
                                      maxlength="2"
                                      name="newValue"
                                      aria-labelledby="quantity-controls-308105359-label"
                                      value="1"
                                    />
                                  </div>
                                </div>
                                <button
                                  class="styled__BaseButton-rsekm1-0 styled__PrimaryButton-rsekm1-2 jChbeY geeWOF styled__StyledButton-vtxwzb-5 japAxb beans-quantity-controls__add-button beans-button__container"
                                  type="submit"
                                  data-auto="beans-quantity-controls-add-button"
                                  aria-label="Quantity of Lykkeberg Lumpfish Caviar 100G"
                                >
                                  <span
                                    class="base-components__BaseElement-sc-1mosoyj-0 styled__InnerContainer-rsekm1-1 oznwo fuFres beans-button__inner-container"
                                    ><span
                                      class="base-components__BaseElement-sc-1mosoyj-0 styled__TextSpan-rsekm1-4 oznwo GDiMp beans-button__text"
                                      >Add</span
                                    ></span
                                  >
                                </button>
                              </div>
                            </div>
                          </div>
                        </div>
                      </div>
                      <input
                        type="hidden"
                        name="_csrf"
                        value="BeMqcJBE-zCJWuNH91oq73jFXs7WkHUAPSZM"
                      />
                    </form>
                  </div>
                </div>
              </div>
            </div>
            <div class="hidden-medium product-info-section-small">
              <div class="product-info-message-list">
                <div class="styled__WhiteBackground-sc-9yzfq2-1 jthPIJ">
                  <svg
                    width="56"
                    height="56"
                    viewBox="0 0 56 56"
                    fill="none"
                    xmlns="http://www.w3.org/2000/svg"
                  >
                    <path
                      d="M47.3812 23.9997C47.3812 36.9128 36.913 47.3809 23.9999 47.3809C11.0869 47.3809 0.618652 36.9128 0.618652 23.9997C0.618652 11.0866 11.0869 0.618412 23.9999 0.618412C36.913 0.618412 47.3812 11.0866 47.3812 23.9997Z"
                      fill="white"
                    ></path>
                    <path
                      d="M47.2669 24.0006C47.2669 36.8253 36.8706 47.2217 24.046 47.2217C11.2214 47.2217 0.73291 36.9173 0.73291 24.0926C0.73291 11.2678 11.2214 0.77932 24.046 0.77932C36.8706 0.77932 47.2669 11.1758 47.2669 24.0006Z"
                      fill="white"
                    ></path>
                    <path
                      d="M40.5112 24.4162H39.8523C39.8519 28.7959 38.0789 32.7545 35.2089 35.6251C32.3383 38.4946 28.3799 40.2678 24.0004 40.268C19.6209 40.2678 15.662 38.4946 12.7914 35.6251C9.92179 32.7545 8.14879 28.7959 8.14848 24.4162C8.14879 20.0367 9.92179 16.0782 12.7914 13.2075C15.662 10.3379 19.6209 8.565 24.0004 8.56473C28.3799 8.565 32.3383 10.3379 35.2089 13.2075C38.0789 16.0782 39.8519 20.0367 39.8523 24.4162H40.5112H41.1701C41.1697 14.9333 33.4831 7.2471 24.0004 7.24669C14.5175 7.2471 6.83099 14.9333 6.83057 24.4162C6.83099 33.8993 14.5175 41.5855 24.0004 41.5859C33.4831 41.5855 41.1697 33.8993 41.1701 24.4162H40.5112Z"
                      fill="#040606"
                    ></path>
                    <path
                      d="M46.5795 24.0003H45.9377C45.9373 30.0604 43.483 35.5404 39.5122 39.5124C35.5401 43.4833 30.06 45.9373 24.0003 45.9377C17.9403 45.9373 12.4601 43.4833 8.48825 39.5124C4.51756 35.5404 2.06321 30.0604 2.06284 24.0003C2.06321 17.9406 4.51756 12.4603 8.48825 8.48857C12.4601 4.51752 17.9403 2.06367 24.0003 2.06327C30.06 2.06367 35.5401 4.51752 39.5122 8.48857C43.483 12.4603 45.9373 17.9406 45.9377 24.0003H46.5795H47.2216C47.221 11.1753 36.8253 0.779591 24.0003 0.77932C11.1753 0.779591 0.779601 11.1753 0.778809 24.0003C0.779601 36.8256 11.1753 47.2214 24.0003 47.2217C36.8253 47.2214 47.221 36.8256 47.2216 24.0003H46.5795Z"
                      fill="#EE2742"
                    ></path>
                    <path
                      d="M38.9616 9.03867C42.7926 12.8723 45.158 18.1525 45.1588 23.9999C45.158 29.8475 42.7926 35.1277 38.9615 38.9615C35.1276 42.7928 29.8473 45.1577 24.0001 45.1585C18.1525 45.1577 12.8723 42.7928 9.03866 38.9613C5.20759 35.1277 2.84225 29.8475 2.84141 23.9999C2.84225 18.1525 5.20759 12.8723 9.03882 9.03867C12.8723 5.20738 18.1525 2.84242 24.0003 2.84161C29.8473 2.84242 35.1275 5.20738 38.9616 9.03867ZM48.0003 23.2212H47.9863C47.574 10.3265 36.9948 0.000953421 24.0001 0.000141651C10.7448 0.00108872 0.00126839 10.7446 0 23.9999C0.00126839 37.2556 10.7448 47.999 24.0001 48C36.9948 47.9992 47.574 37.6736 47.9863 24.7785H48.0003V24.0019C48.0003 24.0012 48.0003 24.0005 48.0003 24V23.2212Z"
                      fill="#EE2742"
                    ></path>
                    <path
                      d="M43.7523 30.792H10.9861L10.5169 29.0828H4.30322V18.3235H43.7523V30.792Z"
                      fill="white"
                    ></path>
                    <path
                      d="M18.3762 17.2768H20.8701V18.2578H17.3135V12.5344H18.3762V17.2768Z"
                      fill="#040606"
                    ></path>
                    <path
                      d="M22.3756 17.0477C22.5852 17.277 22.8593 17.3912 23.1974 17.3912C23.5353 17.3912 23.8092 17.277 24.019 17.0477C24.2289 16.819 24.3337 16.5195 24.3337 16.1485C24.3337 15.7778 24.2289 15.478 24.019 15.2491C23.8092 15.0201 23.5353 14.9056 23.1974 14.9056C22.8593 14.9056 22.5852 15.0201 22.3756 15.2491C22.1658 15.478 22.0609 15.7778 22.0609 16.1485C22.0609 16.5195 22.1658 16.819 22.3756 17.0477ZM21.3004 15.0325C21.4802 14.7027 21.735 14.4438 22.065 14.2557C22.3947 14.0677 22.7721 13.9736 23.1974 13.9736C23.6225 13.9736 23.9999 14.0677 24.3297 14.2557C24.6594 14.4438 24.9141 14.7027 25.0943 15.0325C25.2742 15.3623 25.3639 15.7344 25.3639 16.1485C25.3639 16.5628 25.2742 16.9348 25.0943 17.2646C24.9141 17.5944 24.6594 17.8532 24.3297 18.0414C23.9999 18.2295 23.6225 18.3232 23.1974 18.3232C22.7721 18.3232 22.3947 18.2295 22.065 18.0414C21.735 17.8532 21.4802 17.5944 21.3004 17.2646C21.1205 16.9348 21.0308 16.5628 21.0308 16.1485C21.0308 15.7344 21.1205 15.3623 21.3004 15.0325Z"
                      fill="#040606"
                    ></path>
                    <path
                      d="M30.1263 18.2578H29.145L28.4339 15.4943L27.7225 18.2578H26.7411L25.4248 14.039H26.4141L27.2153 16.8024L27.9431 14.039H28.9245L29.6522 16.8024L30.4533 14.039H31.4426L30.1263 18.2578Z"
                      fill="#040606"
                    ></path>
                    <path
                      d="M18.0825 33.0868C18.2357 32.9529 18.3121 32.7552 18.3121 32.4933C18.3121 32.2312 18.2357 32.0335 18.0825 31.8996C17.9301 31.7658 17.7224 31.6994 17.4605 31.6994H16.5027V33.287H17.4605C17.7224 33.287 17.9301 33.2206 18.0825 33.0868ZM16.5027 36.4473H15.4385V30.7164H17.5426C17.9244 30.7164 18.2548 30.7944 18.5331 30.95C18.8114 31.1058 19.0243 31.3182 19.1715 31.5886C19.319 31.8587 19.3923 32.1602 19.3923 32.4933C19.3923 32.826 19.319 33.1278 19.1715 33.3979C19.0243 33.6678 18.8114 33.8807 18.5331 34.0362C18.2548 34.1918 17.9244 34.2697 17.5426 34.2697H16.5027V36.4473Z"
                      fill="#040606"
                    ></path>
                    <path
                      d="M19.8657 32.2232H20.881V32.8617C21.0007 32.6323 21.17 32.4578 21.3886 32.3378C21.6068 32.2175 21.8498 32.1576 22.117 32.1576C22.3953 32.1576 22.6137 32.2201 22.7721 32.3457L22.4281 33.2055C22.2859 33.1289 22.1361 33.0906 21.9779 33.0906C21.6611 33.0906 21.3992 33.2275 21.192 33.5C20.9847 33.773 20.881 34.1931 20.881 34.7609V36.4473H19.8657V32.2232Z"
                      fill="#040606"
                    ></path>
                    <path
                      d="M24.176 36.4473H23.1607V32.2232H24.176V36.4473ZM23.2019 30.7412C23.3273 30.6156 23.4829 30.5529 23.6684 30.5529C23.8536 30.5529 24.0094 30.6156 24.135 30.7412C24.2604 30.8669 24.3232 31.0222 24.3232 31.2077C24.3232 31.3936 24.2604 31.5488 24.135 31.6746C24.0094 31.8 23.8536 31.8628 23.6684 31.8628C23.4829 31.8628 23.3273 31.8 23.2019 31.6746C23.0764 31.5488 23.0137 31.3936 23.0137 31.2077C23.0137 31.0222 23.0764 30.8669 23.2019 30.7412Z"
                      fill="#040606"
                    ></path>
                    <path
                      d="M25.8191 36.2343C25.4966 36.0492 25.2462 35.7915 25.0659 35.4611C24.8857 35.1309 24.7959 34.7557 24.7959 34.3352C24.7959 33.9151 24.8857 33.5396 25.0659 33.2096C25.2462 32.8794 25.4966 32.6214 25.8191 32.4359C26.1407 32.2504 26.5095 32.1577 26.9241 32.1577C27.8628 32.1577 28.4985 32.5424 28.8316 33.3121L27.9066 33.7294C27.6939 33.3035 27.3662 33.0907 26.9241 33.0907C26.6076 33.0907 26.3457 33.2056 26.138 33.4348C25.9309 33.6635 25.8271 33.964 25.8271 34.3352C25.8271 34.7065 25.9309 35.0066 26.138 35.2355C26.3457 35.4651 26.6076 35.5796 26.9241 35.5796C27.3662 35.5796 27.6939 35.3667 27.9066 34.9413L28.8316 35.3588C28.4985 36.1282 27.8628 36.5127 26.9241 36.5127C26.5095 36.5127 26.1407 36.4202 25.8191 36.2343Z"
                      fill="#040606"
                    ></path>
                    <path
                      d="M32.1759 33.8603C32.1377 33.6203 32.0274 33.4238 31.8445 33.2713C31.6617 33.118 31.4312 33.0416 31.1528 33.0416C30.9178 33.0416 30.7076 33.1142 30.5225 33.2587C30.3369 33.4032 30.2084 33.604 30.1373 33.8603H32.1759ZM33.216 34.6624H30.0966C30.151 34.9734 30.2791 35.21 30.4814 35.371C30.6832 35.5321 30.9289 35.6123 31.2182 35.6123C31.4582 35.6123 31.6586 35.5621 31.8197 35.4611C31.981 35.3597 32.1351 35.2059 32.2824 34.9982L33.1422 35.4651C32.9345 35.8037 32.6714 36.0625 32.3517 36.2427C32.0327 36.4226 31.6357 36.5127 31.1608 36.5127C30.7133 36.5127 30.3297 36.4082 30.0106 36.1979C29.6913 35.9875 29.4525 35.7161 29.2943 35.383C29.1359 35.0503 29.0571 34.7009 29.0571 34.3352C29.0571 33.9697 29.1399 33.6203 29.3065 33.2872C29.473 32.9545 29.7145 32.6831 30.0313 32.4728C30.3476 32.2626 30.7217 32.1577 31.1528 32.1577C31.5889 32.1577 31.9631 32.2557 32.2742 32.4523C32.5852 32.6488 32.8197 32.9067 32.9782 33.226C33.1365 33.545 33.216 33.8849 33.216 34.2453V34.6624Z"
                      fill="#040606"
                    ></path>
                    <path
                      d="M9.13617 21.298H6.03734V22.8016H8.52242V24.0285H6.03734V26.0024H9.23843V27.2295H4.70801V20.0709H9.13617V21.298Z"
                      fill="#040606"
                    ></path>
                    <path
                      d="M9.25439 21.9527H10.5327L11.7802 25.4808L13.0281 21.9527H14.3065L12.3532 27.2295H11.2076L9.25439 21.9527Z"
                      fill="#040606"
                    ></path>
                    <path
                      d="M18.1491 23.9973C18.1012 23.6974 17.963 23.4521 17.7347 23.261C17.5062 23.0701 17.2182 22.9747 16.8707 22.9747C16.5772 22.9747 16.3147 23.065 16.0828 23.2456C15.8514 23.4262 15.6909 23.6768 15.6023 23.9973H18.1491ZM19.4475 24.9994H15.5513C15.6193 25.3881 15.7795 25.6829 16.032 25.884C16.284 26.0852 16.5909 26.186 16.9524 26.186C17.2521 26.186 17.5026 26.1228 17.7037 25.9966C17.9049 25.8703 18.0977 25.6779 18.2817 25.4187L19.3555 26.0018C19.0961 26.4242 18.7676 26.7483 18.3688 26.9734C17.9699 27.1981 17.4737 27.3105 16.8807 27.3105C16.3216 27.3105 15.8426 27.1794 15.4437 26.9167C15.0453 26.6544 14.7468 26.3152 14.5491 25.8993C14.3513 25.4837 14.2524 25.0473 14.2524 24.5906C14.2524 24.1337 14.3562 23.6974 14.5643 23.2816C14.7722 22.8656 15.0741 22.5264 15.4696 22.264C15.865 22.0016 16.3319 21.8703 16.8707 21.8703C17.4159 21.8703 17.8828 21.993 18.2715 22.2385C18.6601 22.4839 18.9531 22.8059 19.1509 23.2047C19.3486 23.6036 19.4475 24.028 19.4475 24.478V24.9994Z"
                      fill="#040606"
                    ></path>
                    <path
                      d="M20.1338 21.9527H21.4018V22.7501C21.5515 22.4639 21.7634 22.2458 22.036 22.0959C22.3087 21.9458 22.612 21.8709 22.9463 21.8709C23.2937 21.8709 23.5665 21.9492 23.7642 22.1059L23.3349 23.1797C23.1574 23.0845 22.9698 23.0366 22.772 23.0366C22.3767 23.0366 22.0497 23.207 21.7903 23.5478C21.5315 23.8889 21.4018 24.4139 21.4018 25.1227V27.2295H20.1338V21.9527Z"
                      fill="#040606"
                    ></path>
                    <path
                      d="M25.7172 26.9022L23.8047 21.9528H25.0831L26.3206 25.3068L27.4865 21.9528H28.7545L26.0545 29.3154H24.8275L25.7172 26.9022Z"
                      fill="#040606"
                    ></path>
                    <path
                      d="M32.1759 25.7254C32.4245 25.446 32.5493 25.0676 32.5493 24.5906C32.5493 24.1133 32.4245 23.735 32.1759 23.4553C31.9268 23.1759 31.6152 23.036 31.2402 23.036C30.865 23.036 30.5531 23.1759 30.3045 23.4553C30.0554 23.735 29.9311 24.1133 29.9311 24.5906C29.9311 25.0676 30.0554 25.446 30.3045 25.7254C30.5531 26.0054 30.865 26.1448 31.2402 26.1448C31.6152 26.1448 31.9268 26.0054 32.1759 25.7254ZM29.7573 26.9631C29.403 26.7312 29.125 26.4072 28.9239 25.9916C28.7227 25.5757 28.6221 25.1086 28.6221 24.5906C28.6221 24.0656 28.7192 23.5968 28.9136 23.1845C29.1081 22.7719 29.3789 22.4498 29.727 22.2179C30.0745 21.9864 30.4733 21.8703 30.9232 21.8703C31.2775 21.8703 31.5877 21.9335 31.8535 22.0596C32.1196 22.1857 32.3243 22.3646 32.4673 22.5963V19.9886H33.7353V27.229H32.4673V26.5947C32.317 26.8062 32.1128 26.9783 31.8535 27.1111C31.5945 27.2441 31.2878 27.3105 30.9335 27.3105C30.5042 27.3105 30.1117 27.1947 29.7573 26.9631Z"
                      fill="#040606"
                    ></path>
                    <path
                      d="M37.3676 25.9197C37.603 25.7151 37.7204 25.4631 37.7204 25.1631V25.02H36.7184C36.4252 25.02 36.1916 25.0763 36.0177 25.1887C35.844 25.3011 35.7569 25.4562 35.7569 25.654C35.7569 25.838 35.8201 25.9794 35.9462 26.0784C36.0721 26.1772 36.258 26.2267 36.5037 26.2267C36.8444 26.2267 37.1326 26.1244 37.3676 25.9197ZM35.3272 27.1267C35.0547 27.0038 34.8363 26.8247 34.6729 26.5897C34.5093 26.3544 34.4277 26.073 34.4277 25.746C34.4277 25.2278 34.6219 24.8106 35.0105 24.4933C35.3992 24.1764 35.9241 24.0177 36.5854 24.0177H37.7204V23.8336C37.7204 23.5679 37.6284 23.3549 37.4444 23.1945C37.2603 23.0344 37.0113 22.9542 36.698 22.9542C36.4455 22.9542 36.2173 23.0207 36.0129 23.1536C35.8083 23.2866 35.6546 23.4419 35.5523 23.619L34.5809 23.036C34.7649 22.7021 35.0375 22.4244 35.3992 22.2028C35.7603 21.981 36.1931 21.8703 36.698 21.8703C37.4205 21.8703 37.9827 22.0439 38.385 22.3916C38.7873 22.7395 38.9885 23.2405 38.9885 23.8952V27.229H37.9455L37.7718 26.554C37.6009 26.7859 37.3846 26.97 37.1223 27.1061C36.8595 27.2425 36.5512 27.3105 36.1969 27.3105C35.8899 27.3105 35.6003 27.2494 35.3272 27.1267Z"
                      fill="#040606"
                    ></path>
                    <path
                      d="M40.9395 26.9022L39.0273 21.9528H40.3056L41.5429 25.3068L42.7087 21.9528H43.9767L41.2772 29.3154H40.0498L40.9395 26.9022Z"
                      fill="#040606"
                    ></path>
                  </svg>
                  <p
                    class="styled__StyledBodyText-sc-119w3hf-5 ggtTyf styled__DarkGreyBodyText-sc-9yzfq2-2 lmkdDf"
                  >
                    Low Everyday Price
                  </p>
                </div>
              </div>
            </div>
          </div>
        </div>
      </div>
    </div>
  </li>
  <li class="product-list--list-item">
    <div class="styles__StyledVerticalTileWrapper-dvv1wj-0 dtCNPH">
      <div
        data-auto="product-tile"
        data-auto-type="Quantity"
        data-auto-available="true"
        data-auto-is-restricted-disabled="false"
        data-auto-is-substitute="false"
        class="styles__StyledVerticalTile-dvv1wj-1 gSCsYK"
      >
        <div class="styles__StyledTileContentWrapper-dvv1wj-2 bkNhNP beans">
          <div
            id="tile-312345178"
            data-auto-id="312345178"
            class="styles__StyledTiledContent-dvv1wj-3 bcglTg"
          >
            <a
              href="/groceries/en-GB/products/312345178"
              aria-hidden="true"
              class="product-image-wrapper"
              tabindex="1"
              ><div class="product-image__container">
                <picture
                  ><img
                    class="styled__Image-sjvkdn-0 bJErKA product-image beans-responsive-image__image"
                    src="https://digitalcontent.api.tesco.com/v2/media/ghs/e3a96443-c3ca-48d3-986a-b468fe7b9991/09362cf2-6d8b-4f71-ab09-22f70a443176_1551099107.jpeg?h=225&amp;w=225"
                    srcset="
                      https://digitalcontent.api.tesco.com/v2/media/ghs/e3a96443-c3ca-48d3-986a-b468fe7b9991/09362cf2-6d8b-4f71-ab09-22f70a443176_1551099107.jpeg?h=225&amp;w=225  768w,
                      https://digitalcontent.api.tesco.com/v2/media/ghs/e3a96443-c3ca-48d3-986a-b468fe7b9991/09362cf2-6d8b-4f71-ab09-22f70a443176_1551099107.jpeg?h=225&amp;w=225 4000w
                    "
                    alt="Tesco Finest Canadian Scallops &amp; Smoked Bacon With Risotto 176G"
                /></picture></div
            ></a>
            <div class="product-details--wrapper">
              <h3 class="styles__H3-oa5soe-0 bCKNNq">
                <a
                  href="/groceries/en-GB/products/312345178"
                  class="styled__Anchor-sc-1xbujuz-0 csVOnh beans-link__anchor"
                  data-auto="product-tile--title"
                  ><span
                    class="styled__Text-sc-1xbujuz-1 ldbwMG beans-link__text"
                    >Tesco Finest Canadian Scallops &amp; Smoked Bacon With
                    Risotto 176G</span
                  ></a
                >
              </h3>
              <div
                class="styles__StyledPromotionsAboveMobile-dvv1wj-7 iPTMuo"
              ></div>
              <div class="styles__StyledProductDetailsContent-dvv1wj-5 ddRSrq">
                <a
                  href="/groceries/en-GB/reviews/submission/312345178?from=%2Fsearch%3Fquery%3Dseafood"
                  aria-label="Write a review for Tesco Finest Canadian Scallops &amp; Smoked Bacon With Risotto 176G"
                  class="styled__Anchor-sc-1xbujuz-0 jSzuDt write-a-review-link beans-link__anchor"
                  data-auto="review-link"
                  ><span
                    class="styled__Text-sc-1xbujuz-1 fyDIEo beans-link__text"
                    >Write a review</span
                  ><span
                    class="styled__IconContainer-sc-1xbujuz-2 bSauSL beans-link__icon-container"
                    ><svg
                      aria-hidden="true"
                      class="styled__SVG-xxa4wh-1 hQMCqc beans-link__icon beans-icon__svg"
                      height="13.33"
                      preserveAspectRatio="xMinYMax meet"
                      viewBox="-1 0 12 20"
                      width="8"
                      xmlns="http://www.w3.org/2000/svg"
                      color="currentColor"
                    >
                      <path
                        d="M1.312 1.348L10.276 10l-8.964 8.644"
                        fill="none"
                        stroke="currentColor"
                      ></path></svg></span
                ></a>
                <div>
                  <a
                    href="/groceries/en-GB/shop/frozen-food/frozen-fish-and-seafood/frozen-seafood-and-shellfish/frozen-seafood-and-shellfish"
                    class="styled__Anchor-sc-1xbujuz-0 jSzuDt rest-of-shelf-link beans-link__anchor"
                    data-auto="rest-of-shelf-link"
                    ><span
                      class="styled__Text-sc-1xbujuz-1 fyDIEo beans-link__text"
                      >Rest of
                      <span class="visually-hidden"
                        >Frozen Seafood &amp; Shellfish</span
                      >
                      shelf</span
                    ><span
                      class="styled__IconContainer-sc-1xbujuz-2 bSauSL beans-link__icon-container"
                      ><svg
                        aria-hidden="true"
                        class="styled__SVG-xxa4wh-1 hQMCqc beans-link__icon beans-icon__svg"
                        height="13.33"
                        preserveAspectRatio="xMinYMax meet"
                        viewBox="-1 0 12 20"
                        width="8"
                        xmlns="http://www.w3.org/2000/svg"
                        color="currentColor"
                      >
                        <path
                          d="M1.312 1.348L10.276 10l-8.964 8.644"
                          fill="none"
                          stroke="currentColor"
                        ></path></svg></span
                  ></a>
                </div>
                <div class="product-info-message-section">
                  <div class="product-info-message-list"></div>
                </div>
              </div>
              <div class="styles__StyledBuyBoxWrapper-dvv1wj-4 dSvjUC">
                <div
                  class="styles__StyledBuyBoxContainer-sc-1wx0qp6-0 erryje"
                  data-auto="buybox-container"
                >
                  <div class="styles__SafeFormWrapper-jtpu2t-0 lcrYKS">
                    <form
                      action="/groceries/en-GB/trolley/items/312345178?_method=PUT"
                      method="POST"
                    >
                      <input type="submit" class="hidden" /><input
                        type="hidden"
                        name="id"
                        value="312345178"
                      /><input
                        type="hidden"
                        name="identifier"
                        value="Page"
                      /><input
                        type="hidden"
                        name="anchorId"
                        value="#tile-312345178"
                      /><input
                        type="hidden"
                        name="returnUrl"
                        value="/groceries/en-GB/search?query=seafood&amp;redirectIfUnavailable=true#tile-312345178"
                      /><input type="hidden" name="backToUrl" value="#" /><input
                        type="hidden"
                        name="oldValue"
                        value="0"
                      /><input
                        type="hidden"
                        name="oldUnitChoice"
                        value="pcs"
                      /><input type="hidden" name="newUnitChoice" value="pcs" />
                      <div
                        class="base-components__RootElement-sc-1mosoyj-1 styled__Container-sc-6nhkzi-0 jptQqM hSNpTb beans-buybox__container"
                      >
                        <div
                          class="base-components__BaseElement-sc-1mosoyj-0 styled__PriceAndActions-sc-6nhkzi-3 oznwo eEPLov beans-buybox__price-and-actions"
                        >
                          <div
                            class="base-components__RootElement-sc-1mosoyj-1 styled__Container-sc-8qlq5b-0 jptQqM bgZrjw styled__StyledPrice-sc-6nhkzi-5 iYHeik beans-buybox__price beans-price__container"
                          >
                            <p
                              class="styled__StyledHeading-sc-119w3hf-2 jWPEtj styled__Text-sc-8qlq5b-1 lnaeiZ beans-price__text"
                            >
                              £5.00
                            </p>
                            <p
                              class="styled__StyledFootnote-sc-119w3hf-7 icrlVF styled__Subtext-sc-8qlq5b-2 bNJmdc beans-price__subtext"
                            >
                              £28.41/kg
                            </p>
                          </div>
                          <div
                            class="base-components__RootElement-sc-1mosoyj-1 styled__Container-vtxwzb-0 jptQqM bDFhXJ beans-buybox__actions beans-quantity-controls__container"
                          >
                            <div
                              class="base-components__RootElement-sc-1mosoyj-1 styled__Container-sc-16t2b2a-0 jptQqM PUfgZ styled__StyledFormGroup-vtxwzb-1 kzKuAr beans-quantity-controls__form-group beans-form-group__container"
                            >
                              <label
                                class="styled__StyledLabel-sc-1ttuvhr-0 izGEjV beans-form-group__label beans-label"
                                for="quantity-controls-312345178"
                                >Quantity controls<!-- -->
                              </label>
                              <div
                                class="base-components__BaseElement-sc-1mosoyj-0 styled__Children-sc-16t2b2a-3 oznwo gdJvjO beans-form-group__children"
                              >
                                <div
                                  class="styled__StyledQuantityControlWrapper-vtxwzb-6 LCxOg"
                                >
                                  <label
                                    id="quantity-controls-312345178-label"
                                    class="styled__VisuallyHiddenLabel-vtxwzb-7 gXlLiM"
                                    >Quantity of Tesco Finest Canadian Scallops
                                    &amp; Smoked Bacon With Risotto 176G</label
                                  >
                                  <div
                                    class="component__Wrapper-sc-1kpmik-3 dReplG input-wrapper"
                                  >
                                    <input
                                      type="number"
                                      class="base-components__RootElement-sc-1mosoyj-1 styled__StyledInput-sc-1jd5f57-0 component__StyledAsInput-sc-1kpmik-4 jptQqM eJLlow styled__StyledInput-vtxwzb-3 lwMHo beans-quantity-controls__input beans-input"
                                      data-auto="beans-quantity-controls-input"
                                      autocomplete="off"
                                      id="quantity-controls-312345178"
                                      maxlength="2"
                                      name="newValue"
                                      aria-labelledby="quantity-controls-312345178-label"
                                      value="1"
                                    />
                                  </div>
                                </div>
                                <button
                                  class="styled__BaseButton-rsekm1-0 styled__PrimaryButton-rsekm1-2 jChbeY geeWOF styled__StyledButton-vtxwzb-5 japAxb beans-quantity-controls__add-button beans-button__container"
                                  type="submit"
                                  data-auto="beans-quantity-controls-add-button"
                                  aria-label="Quantity of Tesco Finest Canadian Scallops &amp; Smoked Bacon With Risotto 176G"
                                >
                                  <span
                                    class="base-components__BaseElement-sc-1mosoyj-0 styled__InnerContainer-rsekm1-1 oznwo fuFres beans-button__inner-container"
                                    ><span
                                      class="base-components__BaseElement-sc-1mosoyj-0 styled__TextSpan-rsekm1-4 oznwo GDiMp beans-button__text"
                                      >Add</span
                                    ></span
                                  >
                                </button>
                              </div>
                            </div>
                          </div>
                        </div>
                      </div>
                      <input
                        type="hidden"
                        name="_csrf"
                        value="BeMqcJBE-zCJWuNH91oq73jFXs7WkHUAPSZM"
                      />
                    </form>
                  </div>
                </div>
              </div>
            </div>
            <div class="hidden-medium product-info-section-small">
              <div class="product-info-message-list"></div>
            </div>
          </div>
        </div>
      </div>
    </div>
  </li>
  <li class="product-list--list-item">
    <div class="styles__StyledVerticalTileWrapper-dvv1wj-0 dtCNPH">
      <div
        data-auto="product-tile"
        data-auto-type="Quantity"
        data-auto-available="true"
        data-auto-is-restricted-disabled="false"
        data-auto-is-substitute="false"
        class="styles__StyledVerticalTile-dvv1wj-1 gSCsYK"
      >
        <div class="styles__StyledTileContentWrapper-dvv1wj-2 bkNhNP beans">
          <div
            id="tile-305990725"
            data-auto-id="305990725"
            class="styles__StyledTiledContent-dvv1wj-3 bcglTg"
          >
            <a
              href="/groceries/en-GB/products/305990725"
              aria-hidden="true"
              class="product-image-wrapper"
              tabindex="1"
              ><div class="product-image__container">
                <picture
                  ><img
                    class="styled__Image-sjvkdn-0 bJErKA product-image beans-responsive-image__image"
                    src="https://digitalcontent.api.tesco.com/v2/media/ghs/9ab801c5-7805-46ac-93ee-533094edbac0/22b17176-7d8d-4056-ae9d-f15fec53e2f1.jpeg?h=225&amp;w=225"
                    srcset="
                      https://digitalcontent.api.tesco.com/v2/media/ghs/9ab801c5-7805-46ac-93ee-533094edbac0/22b17176-7d8d-4056-ae9d-f15fec53e2f1.jpeg?h=225&amp;w=225  768w,
                      https://digitalcontent.api.tesco.com/v2/media/ghs/9ab801c5-7805-46ac-93ee-533094edbac0/22b17176-7d8d-4056-ae9d-f15fec53e2f1.jpeg?h=225&amp;w=225 4000w
                    "
                    alt="Tesco Beautifully Balanced Chicken, Broccoli &amp; Almond Salad 265G"
                /></picture></div
            ></a>
            <div class="product-details--wrapper">
              <h3 class="styles__H3-oa5soe-0 bCKNNq">
                <a
                  href="/groceries/en-GB/products/305990725"
                  class="styled__Anchor-sc-1xbujuz-0 csVOnh beans-link__anchor"
                  data-auto="product-tile--title"
                  ><span
                    class="styled__Text-sc-1xbujuz-1 ldbwMG beans-link__text"
                    >Tesco Beautifully Balanced Chicken, Broccoli &amp; Almond
                    Salad 265G</span
                  ></a
                >
              </h3>
              <div class="styles__StyledProductDetailsContent-dvv1wj-5 ddRSrq">
                <a
                  href="/groceries/en-GB/reviews/submission/305990725?from=%2Fsearch%3Fquery%3Dseafood"
                  aria-label="Write a review for Tesco Beautifully Balanced Chicken, Broccoli &amp; Almond Salad 265G"
                  class="styled__Anchor-sc-1xbujuz-0 jSzuDt write-a-review-link beans-link__anchor"
                  data-auto="review-link"
                  ><span
                    class="styled__Text-sc-1xbujuz-1 fyDIEo beans-link__text"
                    >Write a review</span
                  ><span
                    class="styled__IconContainer-sc-1xbujuz-2 bSauSL beans-link__icon-container"
                    ><svg
                      aria-hidden="true"
                      class="styled__SVG-xxa4wh-1 hQMCqc beans-link__icon beans-icon__svg"
                      height="13.33"
                      preserveAspectRatio="xMinYMax meet"
                      viewBox="-1 0 12 20"
                      width="8"
                      xmlns="http://www.w3.org/2000/svg"
                      color="currentColor"
                    >
                      <path
                        d="M1.312 1.348L10.276 10l-8.964 8.644"
                        fill="none"
                        stroke="currentColor"
                      ></path></svg></span
                ></a>
                <div>
                  <a
                    href="/groceries/en-GB/shop/fresh-food/fresh-salad-coleslaw-and-sandwich-fillers/salad-pots-and-pasta-salad/meat-and-seafood-salad"
                    class="styled__Anchor-sc-1xbujuz-0 jSzuDt rest-of-shelf-link beans-link__anchor"
                    data-auto="rest-of-shelf-link"
                    ><span
                      class="styled__Text-sc-1xbujuz-1 fyDIEo beans-link__text"
                      >Rest of
                      <span class="visually-hidden"
                        >Meat &amp; Seafood Salad</span
                      >
                      shelf</span
                    ><span
                      class="styled__IconContainer-sc-1xbujuz-2 bSauSL beans-link__icon-container"
                      ><svg
                        aria-hidden="true"
                        class="styled__SVG-xxa4wh-1 hQMCqc beans-link__icon beans-icon__svg"
                        height="13.33"
                        preserveAspectRatio="xMinYMax meet"
                        viewBox="-1 0 12 20"
                        width="8"
                        xmlns="http://www.w3.org/2000/svg"
                        color="currentColor"
                      >
                        <path
                          d="M1.312 1.348L10.276 10l-8.964 8.644"
                          fill="none"
                          stroke="currentColor"
                        ></path></svg></span
                  ></a>
                </div>
                <div class="product-info-message-section">
                  <div class="product-info-message-list"></div>
                </div>
              </div>
              <div
                class="styles__StyledPromotionsWithBuyBoxWrapper-dvv1wj-8 cZskDh"
              >
                <div
                  class="styles__StyledPromotionsAboveMobile-dvv1wj-7 iPTMuo"
                >
                  <div
                    class="styles__StyledPromotionsWithClubcardPriceContainer-sc-1vdpoop-0 bsPFbn"
                  >
                    <div class="styles__StyledClubcardLogo-sc-1vdpoop-2 elOZEB">
                      <div
                        class="styles__Wrapper-sc-1d2phhy-0 hgBuQG undefined special-offer-sash"
                      >
                        <span class="styles__CircleWrapper-sc-1d2phhy-2 hCbzjm"
                          ><strong
                            class="styles__TextWrapper-sc-1d2phhy-1 bLXNGg"
                            >Clubcard Price</strong
                          ></span
                        >
                      </div>
                    </div>
                    <a href="/groceries/en-GB/promotions/88503462"
                      ><div
                        class="styles__ProductPromotionStyling-sc-1vdpoop-3 cKitpL"
                      >
                        <div
                          class="styles__StyledPromotionsOfferContent-sc-1vdpoop-1 cPSekc"
                        >
                          <span class="offer-text"
                            >£3 Meal Deal Clubcard Price £3.50 Meal Deal Regular
                            Price - Selected Drink, Snack, Wrap, Sandwich, Roll,
                            Pasty Or Salad</span
                          >
                        </div>
                        <span class="dates"
                          >Offer valid for delivery from 23/05/2022 until
                          23/10/2022</span
                        >
                      </div></a
                    >
                  </div>
                </div>
                <div class="styles__StyledBuyBoxWrapper-dvv1wj-4 dSvjUC">
                  <div
                    class="styles__StyledBuyBoxContainer-sc-1wx0qp6-0 erryje"
                    data-auto="buybox-container"
                  >
                    <div class="styles__SafeFormWrapper-jtpu2t-0 lcrYKS">
                      <form
                        action="/groceries/en-GB/trolley/items/305990725?_method=PUT"
                        method="POST"
                      >
                        <input type="submit" class="hidden" /><input
                          type="hidden"
                          name="id"
                          value="305990725"
                        /><input
                          type="hidden"
                          name="identifier"
                          value="Page"
                        /><input
                          type="hidden"
                          name="anchorId"
                          value="#tile-305990725"
                        /><input
                          type="hidden"
                          name="returnUrl"
                          value="/groceries/en-GB/search?query=seafood&amp;redirectIfUnavailable=true#tile-305990725"
                        /><input
                          type="hidden"
                          name="backToUrl"
                          value="#"
                        /><input
                          type="hidden"
                          name="oldValue"
                          value="0"
                        /><input
                          type="hidden"
                          name="oldUnitChoice"
                          value="pcs"
                        /><input
                          type="hidden"
                          name="newUnitChoice"
                          value="pcs"
                        />
                        <div
                          class="base-components__RootElement-sc-1mosoyj-1 styled__Container-sc-6nhkzi-0 jptQqM hSNpTb beans-buybox__container"
                        >
                          <div
                            class="base-components__BaseElement-sc-1mosoyj-0 styled__PriceAndActions-sc-6nhkzi-3 oznwo eEPLov beans-buybox__price-and-actions"
                          >
                            <div
                              class="base-components__RootElement-sc-1mosoyj-1 styled__Container-sc-8qlq5b-0 jptQqM bgZrjw styled__StyledPrice-sc-6nhkzi-5 iYHeik beans-buybox__price beans-price__container"
                            >
                              <p
                                class="styled__StyledHeading-sc-119w3hf-2 jWPEtj styled__Text-sc-8qlq5b-1 lnaeiZ beans-price__text"
                              >
                                £2.75
                              </p>
                              <p
                                class="styled__StyledFootnote-sc-119w3hf-7 icrlVF styled__Subtext-sc-8qlq5b-2 bNJmdc beans-price__subtext"
                              >
                                £1.04/100g
                              </p>
                            </div>
                            <div
                              class="base-components__RootElement-sc-1mosoyj-1 styled__Container-vtxwzb-0 jptQqM bDFhXJ beans-buybox__actions beans-quantity-controls__container"
                            >
                              <div
                                class="base-components__RootElement-sc-1mosoyj-1 styled__Container-sc-16t2b2a-0 jptQqM PUfgZ styled__StyledFormGroup-vtxwzb-1 kzKuAr beans-quantity-controls__form-group beans-form-group__container"
                              >
                                <label
                                  class="styled__StyledLabel-sc-1ttuvhr-0 izGEjV beans-form-group__label beans-label"
                                  for="quantity-controls-305990725"
                                  >Quantity controls<!-- -->
                                </label>
                                <div
                                  class="base-components__BaseElement-sc-1mosoyj-0 styled__Children-sc-16t2b2a-3 oznwo gdJvjO beans-form-group__children"
                                >
                                  <div
                                    class="styled__StyledQuantityControlWrapper-vtxwzb-6 LCxOg"
                                  >
                                    <label
                                      id="quantity-controls-305990725-label"
                                      class="styled__VisuallyHiddenLabel-vtxwzb-7 gXlLiM"
                                      >Quantity of Tesco Beautifully Balanced
                                      Chicken, Broccoli &amp; Almond Salad
                                      265G</label
                                    >
                                    <div
                                      class="component__Wrapper-sc-1kpmik-3 dReplG input-wrapper"
                                    >
                                      <input
                                        type="number"
                                        class="base-components__RootElement-sc-1mosoyj-1 styled__StyledInput-sc-1jd5f57-0 component__StyledAsInput-sc-1kpmik-4 jptQqM eJLlow styled__StyledInput-vtxwzb-3 lwMHo beans-quantity-controls__input beans-input"
                                        data-auto="beans-quantity-controls-input"
                                        autocomplete="off"
                                        id="quantity-controls-305990725"
                                        maxlength="2"
                                        name="newValue"
                                        aria-labelledby="quantity-controls-305990725-label"
                                        value="1"
                                      />
                                    </div>
                                  </div>
                                  <button
                                    class="styled__BaseButton-rsekm1-0 styled__PrimaryButton-rsekm1-2 jChbeY geeWOF styled__StyledButton-vtxwzb-5 japAxb beans-quantity-controls__add-button beans-button__container"
                                    type="submit"
                                    data-auto="beans-quantity-controls-add-button"
                                    aria-label="Quantity of Tesco Beautifully Balanced Chicken, Broccoli &amp; Almond Salad 265G"
                                  >
                                    <span
                                      class="base-components__BaseElement-sc-1mosoyj-0 styled__InnerContainer-rsekm1-1 oznwo fuFres beans-button__inner-container"
                                      ><span
                                        class="base-components__BaseElement-sc-1mosoyj-0 styled__TextSpan-rsekm1-4 oznwo GDiMp beans-button__text"
                                        >Add</span
                                      ></span
                                    >
                                  </button>
                                </div>
                              </div>
                            </div>
                          </div>
                        </div>
                        <input
                          type="hidden"
                          name="_csrf"
                          value="BeMqcJBE-zCJWuNH91oq73jFXs7WkHUAPSZM"
                        />
                      </form>
                    </div>
                  </div>
                </div>
              </div>
            </div>
            <div class="hidden-medium product-info-section-small">
              <div class="product-info-message-list"></div>
            </div>
          </div>
          <div class="styles__StyledPromotionsMobile-dvv1wj-6 Bxaeb">
            <div>
              <div
                class="styles__StyledPromotionsWithClubcardPriceContainer-sc-1vdpoop-0 bsPFbn"
              >
                <div class="styles__StyledClubcardLogo-sc-1vdpoop-2 elOZEB">
                  <div
                    class="styles__Wrapper-sc-1d2phhy-0 hgBuQG undefined special-offer-sash"
                  >
                    <span class="styles__CircleWrapper-sc-1d2phhy-2 hCbzjm"
                      ><strong class="styles__TextWrapper-sc-1d2phhy-1 bLXNGg"
                        >Clubcard Price</strong
                      ></span
                    >
                  </div>
                </div>
                <a href="/groceries/en-GB/promotions/88503462"
                  ><div
                    class="styles__ProductPromotionStyling-sc-1vdpoop-3 cKitpL"
                  >
                    <div
                      class="styles__StyledPromotionsOfferContent-sc-1vdpoop-1 cPSekc"
                    >
                      <span class="offer-text"
                        >£3 Meal Deal Clubcard Price £3.50 Meal Deal Regular
                        Price - Selected Drink, Snack, Wrap, Sandwich, Roll,
                        Pasty Or Salad</span
                      >
                    </div>
                    <span class="dates"
                      >Offer valid for delivery from 23/05/2022 until
                      23/10/2022</span
                    >
                  </div></a
                >
              </div>
            </div>
          </div>
        </div>
      </div>
    </div>
  </li>
  <li class="product-list--list-item">
    <div class="styles__StyledVerticalTileWrapper-dvv1wj-0 dtCNPH">
      <div
        data-auto="product-tile"
        data-auto-type="Quantity"
        data-auto-available="true"
        data-auto-is-restricted-disabled="false"
        data-auto-is-substitute="false"
        class="styles__StyledVerticalTile-dvv1wj-1 gSCsYK"
      >
        <div class="styles__StyledTileContentWrapper-dvv1wj-2 bkNhNP beans">
          <div
            id="tile-281973506"
            data-auto-id="281973506"
            class="styles__StyledTiledContent-dvv1wj-3 bcglTg"
          >
            <a
              href="/groceries/en-GB/products/281973506"
              aria-hidden="true"
              class="product-image-wrapper"
              tabindex="1"
              ><div class="product-image__container">
                <picture
                  ><img
                    class="styled__Image-sjvkdn-0 bJErKA product-image beans-responsive-image__image"
                    src="https://digitalcontent.api.tesco.com/v2/media/ghs/fd87f3c5-77c9-4559-932e-7622a53457e4/a0e6b86d-4cd4-400d-bc0d-3935fc4a0915_313757916.jpeg?h=225&amp;w=225"
                    srcset="
                      https://digitalcontent.api.tesco.com/v2/media/ghs/fd87f3c5-77c9-4559-932e-7622a53457e4/a0e6b86d-4cd4-400d-bc0d-3935fc4a0915_313757916.jpeg?h=225&amp;w=225  768w,
                      https://digitalcontent.api.tesco.com/v2/media/ghs/fd87f3c5-77c9-4559-932e-7622a53457e4/a0e6b86d-4cd4-400d-bc0d-3935fc4a0915_313757916.jpeg?h=225&amp;w=225 4000w
                    "
                    alt="Glenryck Pilchards In Tomato Sauce 400G"
                /></picture></div
            ></a>
            <div class="product-details--wrapper">
              <h3 class="styles__H3-oa5soe-0 bCKNNq">
                <a
                  href="/groceries/en-GB/products/281973506"
                  class="styled__Anchor-sc-1xbujuz-0 csVOnh beans-link__anchor"
                  data-auto="product-tile--title"
                  ><span
                    class="styled__Text-sc-1xbujuz-1 ldbwMG beans-link__text"
                    >Glenryck Pilchards In Tomato Sauce 400G</span
                  ></a
                >
              </h3>
              <div
                class="styles__StyledPromotionsAboveMobile-dvv1wj-7 iPTMuo"
              ></div>
              <div class="styles__StyledProductDetailsContent-dvv1wj-5 ddRSrq">
                <a
                  href="/groceries/en-GB/reviews/submission/281973506?from=%2Fsearch%3Fquery%3Dseafood"
                  aria-label="Write a review for Glenryck Pilchards In Tomato Sauce 400G"
                  class="styled__Anchor-sc-1xbujuz-0 jSzuDt write-a-review-link beans-link__anchor"
                  data-auto="review-link"
                  ><span
                    class="styled__Text-sc-1xbujuz-1 fyDIEo beans-link__text"
                    >Write a review</span
                  ><span
                    class="styled__IconContainer-sc-1xbujuz-2 bSauSL beans-link__icon-container"
                    ><svg
                      aria-hidden="true"
                      class="styled__SVG-xxa4wh-1 hQMCqc beans-link__icon beans-icon__svg"
                      height="13.33"
                      preserveAspectRatio="xMinYMax meet"
                      viewBox="-1 0 12 20"
                      width="8"
                      xmlns="http://www.w3.org/2000/svg"
                      color="currentColor"
                    >
                      <path
                        d="M1.312 1.348L10.276 10l-8.964 8.644"
                        fill="none"
                        stroke="currentColor"
                      ></path></svg></span
                ></a>
                <div>
                  <a
                    href="/groceries/en-GB/shop/food-cupboard/tins-cans-and-packets/tinned-fish-and-seafood/tinned-seafood"
                    class="styled__Anchor-sc-1xbujuz-0 jSzuDt rest-of-shelf-link beans-link__anchor"
                    data-auto="rest-of-shelf-link"
                    ><span
                      class="styled__Text-sc-1xbujuz-1 fyDIEo beans-link__text"
                      >Rest of
                      <span class="visually-hidden">Tinned Seafood</span>
                      shelf</span
                    ><span
                      class="styled__IconContainer-sc-1xbujuz-2 bSauSL beans-link__icon-container"
                      ><svg
                        aria-hidden="true"
                        class="styled__SVG-xxa4wh-1 hQMCqc beans-link__icon beans-icon__svg"
                        height="13.33"
                        preserveAspectRatio="xMinYMax meet"
                        viewBox="-1 0 12 20"
                        width="8"
                        xmlns="http://www.w3.org/2000/svg"
                        color="currentColor"
                      >
                        <path
                          d="M1.312 1.348L10.276 10l-8.964 8.644"
                          fill="none"
                          stroke="currentColor"
                        ></path></svg></span
                  ></a>
                </div>
                <div class="product-info-message-section">
                  <div class="product-info-message-list">
                    <div class="styled__WhiteBackground-sc-9yzfq2-1 jthPIJ">
                      <svg
                        width="56"
                        height="56"
                        viewBox="0 0 56 56"
                        fill="none"
                        xmlns="http://www.w3.org/2000/svg"
                      >
                        <path
                          d="M47.3812 23.9997C47.3812 36.9128 36.913 47.3809 23.9999 47.3809C11.0869 47.3809 0.618652 36.9128 0.618652 23.9997C0.618652 11.0866 11.0869 0.618412 23.9999 0.618412C36.913 0.618412 47.3812 11.0866 47.3812 23.9997Z"
                          fill="white"
                        ></path>
                        <path
                          d="M47.2669 24.0006C47.2669 36.8253 36.8706 47.2217 24.046 47.2217C11.2214 47.2217 0.73291 36.9173 0.73291 24.0926C0.73291 11.2678 11.2214 0.77932 24.046 0.77932C36.8706 0.77932 47.2669 11.1758 47.2669 24.0006Z"
                          fill="white"
                        ></path>
                        <path
                          d="M40.5112 24.4162H39.8523C39.8519 28.7959 38.0789 32.7545 35.2089 35.6251C32.3383 38.4946 28.3799 40.2678 24.0004 40.268C19.6209 40.2678 15.662 38.4946 12.7914 35.6251C9.92179 32.7545 8.14879 28.7959 8.14848 24.4162C8.14879 20.0367 9.92179 16.0782 12.7914 13.2075C15.662 10.3379 19.6209 8.565 24.0004 8.56473C28.3799 8.565 32.3383 10.3379 35.2089 13.2075C38.0789 16.0782 39.8519 20.0367 39.8523 24.4162H40.5112H41.1701C41.1697 14.9333 33.4831 7.2471 24.0004 7.24669C14.5175 7.2471 6.83099 14.9333 6.83057 24.4162C6.83099 33.8993 14.5175 41.5855 24.0004 41.5859C33.4831 41.5855 41.1697 33.8993 41.1701 24.4162H40.5112Z"
                          fill="#040606"
                        ></path>
                        <path
                          d="M46.5795 24.0003H45.9377C45.9373 30.0604 43.483 35.5404 39.5122 39.5124C35.5401 43.4833 30.06 45.9373 24.0003 45.9377C17.9403 45.9373 12.4601 43.4833 8.48825 39.5124C4.51756 35.5404 2.06321 30.0604 2.06284 24.0003C2.06321 17.9406 4.51756 12.4603 8.48825 8.48857C12.4601 4.51752 17.9403 2.06367 24.0003 2.06327C30.06 2.06367 35.5401 4.51752 39.5122 8.48857C43.483 12.4603 45.9373 17.9406 45.9377 24.0003H46.5795H47.2216C47.221 11.1753 36.8253 0.779591 24.0003 0.77932C11.1753 0.779591 0.779601 11.1753 0.778809 24.0003C0.779601 36.8256 11.1753 47.2214 24.0003 47.2217C36.8253 47.2214 47.221 36.8256 47.2216 24.0003H46.5795Z"
                          fill="#EE2742"
                        ></path>
                        <path
                          d="M38.9616 9.03867C42.7926 12.8723 45.158 18.1525 45.1588 23.9999C45.158 29.8475 42.7926 35.1277 38.9615 38.9615C35.1276 42.7928 29.8473 45.1577 24.0001 45.1585C18.1525 45.1577 12.8723 42.7928 9.03866 38.9613C5.20759 35.1277 2.84225 29.8475 2.84141 23.9999C2.84225 18.1525 5.20759 12.8723 9.03882 9.03867C12.8723 5.20738 18.1525 2.84242 24.0003 2.84161C29.8473 2.84242 35.1275 5.20738 38.9616 9.03867ZM48.0003 23.2212H47.9863C47.574 10.3265 36.9948 0.000953421 24.0001 0.000141651C10.7448 0.00108872 0.00126839 10.7446 0 23.9999C0.00126839 37.2556 10.7448 47.999 24.0001 48C36.9948 47.9992 47.574 37.6736 47.9863 24.7785H48.0003V24.0019C48.0003 24.0012 48.0003 24.0005 48.0003 24V23.2212Z"
                          fill="#EE2742"
                        ></path>
                        <path
                          d="M43.7523 30.792H10.9861L10.5169 29.0828H4.30322V18.3235H43.7523V30.792Z"
                          fill="white"
                        ></path>
                        <path
                          d="M18.3762 17.2768H20.8701V18.2578H17.3135V12.5344H18.3762V17.2768Z"
                          fill="#040606"
                        ></path>
                        <path
                          d="M22.3756 17.0477C22.5852 17.277 22.8593 17.3912 23.1974 17.3912C23.5353 17.3912 23.8092 17.277 24.019 17.0477C24.2289 16.819 24.3337 16.5195 24.3337 16.1485C24.3337 15.7778 24.2289 15.478 24.019 15.2491C23.8092 15.0201 23.5353 14.9056 23.1974 14.9056C22.8593 14.9056 22.5852 15.0201 22.3756 15.2491C22.1658 15.478 22.0609 15.7778 22.0609 16.1485C22.0609 16.5195 22.1658 16.819 22.3756 17.0477ZM21.3004 15.0325C21.4802 14.7027 21.735 14.4438 22.065 14.2557C22.3947 14.0677 22.7721 13.9736 23.1974 13.9736C23.6225 13.9736 23.9999 14.0677 24.3297 14.2557C24.6594 14.4438 24.9141 14.7027 25.0943 15.0325C25.2742 15.3623 25.3639 15.7344 25.3639 16.1485C25.3639 16.5628 25.2742 16.9348 25.0943 17.2646C24.9141 17.5944 24.6594 17.8532 24.3297 18.0414C23.9999 18.2295 23.6225 18.3232 23.1974 18.3232C22.7721 18.3232 22.3947 18.2295 22.065 18.0414C21.735 17.8532 21.4802 17.5944 21.3004 17.2646C21.1205 16.9348 21.0308 16.5628 21.0308 16.1485C21.0308 15.7344 21.1205 15.3623 21.3004 15.0325Z"
                          fill="#040606"
                        ></path>
                        <path
                          d="M30.1263 18.2578H29.145L28.4339 15.4943L27.7225 18.2578H26.7411L25.4248 14.039H26.4141L27.2153 16.8024L27.9431 14.039H28.9245L29.6522 16.8024L30.4533 14.039H31.4426L30.1263 18.2578Z"
                          fill="#040606"
                        ></path>
                        <path
                          d="M18.0825 33.0868C18.2357 32.9529 18.3121 32.7552 18.3121 32.4933C18.3121 32.2312 18.2357 32.0335 18.0825 31.8996C17.9301 31.7658 17.7224 31.6994 17.4605 31.6994H16.5027V33.287H17.4605C17.7224 33.287 17.9301 33.2206 18.0825 33.0868ZM16.5027 36.4473H15.4385V30.7164H17.5426C17.9244 30.7164 18.2548 30.7944 18.5331 30.95C18.8114 31.1058 19.0243 31.3182 19.1715 31.5886C19.319 31.8587 19.3923 32.1602 19.3923 32.4933C19.3923 32.826 19.319 33.1278 19.1715 33.3979C19.0243 33.6678 18.8114 33.8807 18.5331 34.0362C18.2548 34.1918 17.9244 34.2697 17.5426 34.2697H16.5027V36.4473Z"
                          fill="#040606"
                        ></path>
                        <path
                          d="M19.8657 32.2232H20.881V32.8617C21.0007 32.6323 21.17 32.4578 21.3886 32.3378C21.6068 32.2175 21.8498 32.1576 22.117 32.1576C22.3953 32.1576 22.6137 32.2201 22.7721 32.3457L22.4281 33.2055C22.2859 33.1289 22.1361 33.0906 21.9779 33.0906C21.6611 33.0906 21.3992 33.2275 21.192 33.5C20.9847 33.773 20.881 34.1931 20.881 34.7609V36.4473H19.8657V32.2232Z"
                          fill="#040606"
                        ></path>
                        <path
                          d="M24.176 36.4473H23.1607V32.2232H24.176V36.4473ZM23.2019 30.7412C23.3273 30.6156 23.4829 30.5529 23.6684 30.5529C23.8536 30.5529 24.0094 30.6156 24.135 30.7412C24.2604 30.8669 24.3232 31.0222 24.3232 31.2077C24.3232 31.3936 24.2604 31.5488 24.135 31.6746C24.0094 31.8 23.8536 31.8628 23.6684 31.8628C23.4829 31.8628 23.3273 31.8 23.2019 31.6746C23.0764 31.5488 23.0137 31.3936 23.0137 31.2077C23.0137 31.0222 23.0764 30.8669 23.2019 30.7412Z"
                          fill="#040606"
                        ></path>
                        <path
                          d="M25.8191 36.2343C25.4966 36.0492 25.2462 35.7915 25.0659 35.4611C24.8857 35.1309 24.7959 34.7557 24.7959 34.3352C24.7959 33.9151 24.8857 33.5396 25.0659 33.2096C25.2462 32.8794 25.4966 32.6214 25.8191 32.4359C26.1407 32.2504 26.5095 32.1577 26.9241 32.1577C27.8628 32.1577 28.4985 32.5424 28.8316 33.3121L27.9066 33.7294C27.6939 33.3035 27.3662 33.0907 26.9241 33.0907C26.6076 33.0907 26.3457 33.2056 26.138 33.4348C25.9309 33.6635 25.8271 33.964 25.8271 34.3352C25.8271 34.7065 25.9309 35.0066 26.138 35.2355C26.3457 35.4651 26.6076 35.5796 26.9241 35.5796C27.3662 35.5796 27.6939 35.3667 27.9066 34.9413L28.8316 35.3588C28.4985 36.1282 27.8628 36.5127 26.9241 36.5127C26.5095 36.5127 26.1407 36.4202 25.8191 36.2343Z"
                          fill="#040606"
                        ></path>
                        <path
                          d="M32.1759 33.8603C32.1377 33.6203 32.0274 33.4238 31.8445 33.2713C31.6617 33.118 31.4312 33.0416 31.1528 33.0416C30.9178 33.0416 30.7076 33.1142 30.5225 33.2587C30.3369 33.4032 30.2084 33.604 30.1373 33.8603H32.1759ZM33.216 34.6624H30.0966C30.151 34.9734 30.2791 35.21 30.4814 35.371C30.6832 35.5321 30.9289 35.6123 31.2182 35.6123C31.4582 35.6123 31.6586 35.5621 31.8197 35.4611C31.981 35.3597 32.1351 35.2059 32.2824 34.9982L33.1422 35.4651C32.9345 35.8037 32.6714 36.0625 32.3517 36.2427C32.0327 36.4226 31.6357 36.5127 31.1608 36.5127C30.7133 36.5127 30.3297 36.4082 30.0106 36.1979C29.6913 35.9875 29.4525 35.7161 29.2943 35.383C29.1359 35.0503 29.0571 34.7009 29.0571 34.3352C29.0571 33.9697 29.1399 33.6203 29.3065 33.2872C29.473 32.9545 29.7145 32.6831 30.0313 32.4728C30.3476 32.2626 30.7217 32.1577 31.1528 32.1577C31.5889 32.1577 31.9631 32.2557 32.2742 32.4523C32.5852 32.6488 32.8197 32.9067 32.9782 33.226C33.1365 33.545 33.216 33.8849 33.216 34.2453V34.6624Z"
                          fill="#040606"
                        ></path>
                        <path
                          d="M9.13617 21.298H6.03734V22.8016H8.52242V24.0285H6.03734V26.0024H9.23843V27.2295H4.70801V20.0709H9.13617V21.298Z"
                          fill="#040606"
                        ></path>
                        <path
                          d="M9.25439 21.9527H10.5327L11.7802 25.4808L13.0281 21.9527H14.3065L12.3532 27.2295H11.2076L9.25439 21.9527Z"
                          fill="#040606"
                        ></path>
                        <path
                          d="M18.1491 23.9973C18.1012 23.6974 17.963 23.4521 17.7347 23.261C17.5062 23.0701 17.2182 22.9747 16.8707 22.9747C16.5772 22.9747 16.3147 23.065 16.0828 23.2456C15.8514 23.4262 15.6909 23.6768 15.6023 23.9973H18.1491ZM19.4475 24.9994H15.5513C15.6193 25.3881 15.7795 25.6829 16.032 25.884C16.284 26.0852 16.5909 26.186 16.9524 26.186C17.2521 26.186 17.5026 26.1228 17.7037 25.9966C17.9049 25.8703 18.0977 25.6779 18.2817 25.4187L19.3555 26.0018C19.0961 26.4242 18.7676 26.7483 18.3688 26.9734C17.9699 27.1981 17.4737 27.3105 16.8807 27.3105C16.3216 27.3105 15.8426 27.1794 15.4437 26.9167C15.0453 26.6544 14.7468 26.3152 14.5491 25.8993C14.3513 25.4837 14.2524 25.0473 14.2524 24.5906C14.2524 24.1337 14.3562 23.6974 14.5643 23.2816C14.7722 22.8656 15.0741 22.5264 15.4696 22.264C15.865 22.0016 16.3319 21.8703 16.8707 21.8703C17.4159 21.8703 17.8828 21.993 18.2715 22.2385C18.6601 22.4839 18.9531 22.8059 19.1509 23.2047C19.3486 23.6036 19.4475 24.028 19.4475 24.478V24.9994Z"
                          fill="#040606"
                        ></path>
                        <path
                          d="M20.1338 21.9527H21.4018V22.7501C21.5515 22.4639 21.7634 22.2458 22.036 22.0959C22.3087 21.9458 22.612 21.8709 22.9463 21.8709C23.2937 21.8709 23.5665 21.9492 23.7642 22.1059L23.3349 23.1797C23.1574 23.0845 22.9698 23.0366 22.772 23.0366C22.3767 23.0366 22.0497 23.207 21.7903 23.5478C21.5315 23.8889 21.4018 24.4139 21.4018 25.1227V27.2295H20.1338V21.9527Z"
                          fill="#040606"
                        ></path>
                        <path
                          d="M25.7172 26.9022L23.8047 21.9528H25.0831L26.3206 25.3068L27.4865 21.9528H28.7545L26.0545 29.3154H24.8275L25.7172 26.9022Z"
                          fill="#040606"
                        ></path>
                        <path
                          d="M32.1759 25.7254C32.4245 25.446 32.5493 25.0676 32.5493 24.5906C32.5493 24.1133 32.4245 23.735 32.1759 23.4553C31.9268 23.1759 31.6152 23.036 31.2402 23.036C30.865 23.036 30.5531 23.1759 30.3045 23.4553C30.0554 23.735 29.9311 24.1133 29.9311 24.5906C29.9311 25.0676 30.0554 25.446 30.3045 25.7254C30.5531 26.0054 30.865 26.1448 31.2402 26.1448C31.6152 26.1448 31.9268 26.0054 32.1759 25.7254ZM29.7573 26.9631C29.403 26.7312 29.125 26.4072 28.9239 25.9916C28.7227 25.5757 28.6221 25.1086 28.6221 24.5906C28.6221 24.0656 28.7192 23.5968 28.9136 23.1845C29.1081 22.7719 29.3789 22.4498 29.727 22.2179C30.0745 21.9864 30.4733 21.8703 30.9232 21.8703C31.2775 21.8703 31.5877 21.9335 31.8535 22.0596C32.1196 22.1857 32.3243 22.3646 32.4673 22.5963V19.9886H33.7353V27.229H32.4673V26.5947C32.317 26.8062 32.1128 26.9783 31.8535 27.1111C31.5945 27.2441 31.2878 27.3105 30.9335 27.3105C30.5042 27.3105 30.1117 27.1947 29.7573 26.9631Z"
                          fill="#040606"
                        ></path>
                        <path
                          d="M37.3676 25.9197C37.603 25.7151 37.7204 25.4631 37.7204 25.1631V25.02H36.7184C36.4252 25.02 36.1916 25.0763 36.0177 25.1887C35.844 25.3011 35.7569 25.4562 35.7569 25.654C35.7569 25.838 35.8201 25.9794 35.9462 26.0784C36.0721 26.1772 36.258 26.2267 36.5037 26.2267C36.8444 26.2267 37.1326 26.1244 37.3676 25.9197ZM35.3272 27.1267C35.0547 27.0038 34.8363 26.8247 34.6729 26.5897C34.5093 26.3544 34.4277 26.073 34.4277 25.746C34.4277 25.2278 34.6219 24.8106 35.0105 24.4933C35.3992 24.1764 35.9241 24.0177 36.5854 24.0177H37.7204V23.8336C37.7204 23.5679 37.6284 23.3549 37.4444 23.1945C37.2603 23.0344 37.0113 22.9542 36.698 22.9542C36.4455 22.9542 36.2173 23.0207 36.0129 23.1536C35.8083 23.2866 35.6546 23.4419 35.5523 23.619L34.5809 23.036C34.7649 22.7021 35.0375 22.4244 35.3992 22.2028C35.7603 21.981 36.1931 21.8703 36.698 21.8703C37.4205 21.8703 37.9827 22.0439 38.385 22.3916C38.7873 22.7395 38.9885 23.2405 38.9885 23.8952V27.229H37.9455L37.7718 26.554C37.6009 26.7859 37.3846 26.97 37.1223 27.1061C36.8595 27.2425 36.5512 27.3105 36.1969 27.3105C35.8899 27.3105 35.6003 27.2494 35.3272 27.1267Z"
                          fill="#040606"
                        ></path>
                        <path
                          d="M40.9395 26.9022L39.0273 21.9528H40.3056L41.5429 25.3068L42.7087 21.9528H43.9767L41.2772 29.3154H40.0498L40.9395 26.9022Z"
                          fill="#040606"
                        ></path>
                      </svg>
                      <p
                        class="styled__StyledBodyText-sc-119w3hf-5 ggtTyf styled__DarkGreyBodyText-sc-9yzfq2-2 lmkdDf"
                      >
                        Low Everyday Price
                      </p>
                    </div>
                  </div>
                </div>
              </div>
              <div class="styles__StyledBuyBoxWrapper-dvv1wj-4 dSvjUC">
                <div
                  class="styles__StyledBuyBoxContainer-sc-1wx0qp6-0 erryje"
                  data-auto="buybox-container"
                >
                  <div class="styles__SafeFormWrapper-jtpu2t-0 lcrYKS">
                    <form
                      action="/groceries/en-GB/trolley/items/281973506?_method=PUT"
                      method="POST"
                    >
                      <input type="submit" class="hidden" /><input
                        type="hidden"
                        name="id"
                        value="281973506"
                      /><input
                        type="hidden"
                        name="identifier"
                        value="Page"
                      /><input
                        type="hidden"
                        name="anchorId"
                        value="#tile-281973506"
                      /><input
                        type="hidden"
                        name="returnUrl"
                        value="/groceries/en-GB/search?query=seafood&amp;redirectIfUnavailable=true#tile-281973506"
                      /><input type="hidden" name="backToUrl" value="#" /><input
                        type="hidden"
                        name="oldValue"
                        value="0"
                      /><input
                        type="hidden"
                        name="oldUnitChoice"
                        value="pcs"
                      /><input type="hidden" name="newUnitChoice" value="pcs" />
                      <div
                        class="base-components__RootElement-sc-1mosoyj-1 styled__Container-sc-6nhkzi-0 jptQqM hSNpTb beans-buybox__container"
                      >
                        <div
                          class="base-components__BaseElement-sc-1mosoyj-0 styled__PriceAndActions-sc-6nhkzi-3 oznwo eEPLov beans-buybox__price-and-actions"
                        >
                          <div
                            class="base-components__RootElement-sc-1mosoyj-1 styled__Container-sc-8qlq5b-0 jptQqM bgZrjw styled__StyledPrice-sc-6nhkzi-5 iYHeik beans-buybox__price beans-price__container"
                          >
                            <p
                              class="styled__StyledHeading-sc-119w3hf-2 jWPEtj styled__Text-sc-8qlq5b-1 lnaeiZ beans-price__text"
                            >
                              £1.10
                            </p>
                            <p
                              class="styled__StyledFootnote-sc-119w3hf-7 icrlVF styled__Subtext-sc-8qlq5b-2 bNJmdc beans-price__subtext"
                            >
                              £0.28/100g
                            </p>
                          </div>
                          <div
                            class="base-components__RootElement-sc-1mosoyj-1 styled__Container-vtxwzb-0 jptQqM bDFhXJ beans-buybox__actions beans-quantity-controls__container"
                          >
                            <div
                              class="base-components__RootElement-sc-1mosoyj-1 styled__Container-sc-16t2b2a-0 jptQqM PUfgZ styled__StyledFormGroup-vtxwzb-1 kzKuAr beans-quantity-controls__form-group beans-form-group__container"
                            >
                              <label
                                class="styled__StyledLabel-sc-1ttuvhr-0 izGEjV beans-form-group__label beans-label"
                                for="quantity-controls-281973506"
                                >Quantity controls<!-- -->
                              </label>
                              <div
                                class="base-components__BaseElement-sc-1mosoyj-0 styled__Children-sc-16t2b2a-3 oznwo gdJvjO beans-form-group__children"
                              >
                                <div
                                  class="styled__StyledQuantityControlWrapper-vtxwzb-6 LCxOg"
                                >
                                  <label
                                    id="quantity-controls-281973506-label"
                                    class="styled__VisuallyHiddenLabel-vtxwzb-7 gXlLiM"
                                    >Quantity of Glenryck Pilchards In Tomato
                                    Sauce 400G</label
                                  >
                                  <div
                                    class="component__Wrapper-sc-1kpmik-3 dReplG input-wrapper"
                                  >
                                    <input
                                      type="number"
                                      class="base-components__RootElement-sc-1mosoyj-1 styled__StyledInput-sc-1jd5f57-0 component__StyledAsInput-sc-1kpmik-4 jptQqM eJLlow styled__StyledInput-vtxwzb-3 lwMHo beans-quantity-controls__input beans-input"
                                      data-auto="beans-quantity-controls-input"
                                      autocomplete="off"
                                      id="quantity-controls-281973506"
                                      maxlength="2"
                                      name="newValue"
                                      aria-labelledby="quantity-controls-281973506-label"
                                      value="1"
                                    />
                                  </div>
                                </div>
                                <button
                                  class="styled__BaseButton-rsekm1-0 styled__PrimaryButton-rsekm1-2 jChbeY geeWOF styled__StyledButton-vtxwzb-5 japAxb beans-quantity-controls__add-button beans-button__container"
                                  type="submit"
                                  data-auto="beans-quantity-controls-add-button"
                                  aria-label="Quantity of Glenryck Pilchards In Tomato Sauce 400G"
                                >
                                  <span
                                    class="base-components__BaseElement-sc-1mosoyj-0 styled__InnerContainer-rsekm1-1 oznwo fuFres beans-button__inner-container"
                                    ><span
                                      class="base-components__BaseElement-sc-1mosoyj-0 styled__TextSpan-rsekm1-4 oznwo GDiMp beans-button__text"
                                      >Add</span
                                    ></span
                                  >
                                </button>
                              </div>
                            </div>
                          </div>
                        </div>
                      </div>
                      <input
                        type="hidden"
                        name="_csrf"
                        value="BeMqcJBE-zCJWuNH91oq73jFXs7WkHUAPSZM"
                      />
                    </form>
                  </div>
                </div>
              </div>
            </div>
            <div class="hidden-medium product-info-section-small">
              <div class="product-info-message-list">
                <div class="styled__WhiteBackground-sc-9yzfq2-1 jthPIJ">
                  <svg
                    width="56"
                    height="56"
                    viewBox="0 0 56 56"
                    fill="none"
                    xmlns="http://www.w3.org/2000/svg"
                  >
                    <path
                      d="M47.3812 23.9997C47.3812 36.9128 36.913 47.3809 23.9999 47.3809C11.0869 47.3809 0.618652 36.9128 0.618652 23.9997C0.618652 11.0866 11.0869 0.618412 23.9999 0.618412C36.913 0.618412 47.3812 11.0866 47.3812 23.9997Z"
                      fill="white"
                    ></path>
                    <path
                      d="M47.2669 24.0006C47.2669 36.8253 36.8706 47.2217 24.046 47.2217C11.2214 47.2217 0.73291 36.9173 0.73291 24.0926C0.73291 11.2678 11.2214 0.77932 24.046 0.77932C36.8706 0.77932 47.2669 11.1758 47.2669 24.0006Z"
                      fill="white"
                    ></path>
                    <path
                      d="M40.5112 24.4162H39.8523C39.8519 28.7959 38.0789 32.7545 35.2089 35.6251C32.3383 38.4946 28.3799 40.2678 24.0004 40.268C19.6209 40.2678 15.662 38.4946 12.7914 35.6251C9.92179 32.7545 8.14879 28.7959 8.14848 24.4162C8.14879 20.0367 9.92179 16.0782 12.7914 13.2075C15.662 10.3379 19.6209 8.565 24.0004 8.56473C28.3799 8.565 32.3383 10.3379 35.2089 13.2075C38.0789 16.0782 39.8519 20.0367 39.8523 24.4162H40.5112H41.1701C41.1697 14.9333 33.4831 7.2471 24.0004 7.24669C14.5175 7.2471 6.83099 14.9333 6.83057 24.4162C6.83099 33.8993 14.5175 41.5855 24.0004 41.5859C33.4831 41.5855 41.1697 33.8993 41.1701 24.4162H40.5112Z"
                      fill="#040606"
                    ></path>
                    <path
                      d="M46.5795 24.0003H45.9377C45.9373 30.0604 43.483 35.5404 39.5122 39.5124C35.5401 43.4833 30.06 45.9373 24.0003 45.9377C17.9403 45.9373 12.4601 43.4833 8.48825 39.5124C4.51756 35.5404 2.06321 30.0604 2.06284 24.0003C2.06321 17.9406 4.51756 12.4603 8.48825 8.48857C12.4601 4.51752 17.9403 2.06367 24.0003 2.06327C30.06 2.06367 35.5401 4.51752 39.5122 8.48857C43.483 12.4603 45.9373 17.9406 45.9377 24.0003H46.5795H47.2216C47.221 11.1753 36.8253 0.779591 24.0003 0.77932C11.1753 0.779591 0.779601 11.1753 0.778809 24.0003C0.779601 36.8256 11.1753 47.2214 24.0003 47.2217C36.8253 47.2214 47.221 36.8256 47.2216 24.0003H46.5795Z"
                      fill="#EE2742"
                    ></path>
                    <path
                      d="M38.9616 9.03867C42.7926 12.8723 45.158 18.1525 45.1588 23.9999C45.158 29.8475 42.7926 35.1277 38.9615 38.9615C35.1276 42.7928 29.8473 45.1577 24.0001 45.1585C18.1525 45.1577 12.8723 42.7928 9.03866 38.9613C5.20759 35.1277 2.84225 29.8475 2.84141 23.9999C2.84225 18.1525 5.20759 12.8723 9.03882 9.03867C12.8723 5.20738 18.1525 2.84242 24.0003 2.84161C29.8473 2.84242 35.1275 5.20738 38.9616 9.03867ZM48.0003 23.2212H47.9863C47.574 10.3265 36.9948 0.000953421 24.0001 0.000141651C10.7448 0.00108872 0.00126839 10.7446 0 23.9999C0.00126839 37.2556 10.7448 47.999 24.0001 48C36.9948 47.9992 47.574 37.6736 47.9863 24.7785H48.0003V24.0019C48.0003 24.0012 48.0003 24.0005 48.0003 24V23.2212Z"
                      fill="#EE2742"
                    ></path>
                    <path
                      d="M43.7523 30.792H10.9861L10.5169 29.0828H4.30322V18.3235H43.7523V30.792Z"
                      fill="white"
                    ></path>
                    <path
                      d="M18.3762 17.2768H20.8701V18.2578H17.3135V12.5344H18.3762V17.2768Z"
                      fill="#040606"
                    ></path>
                    <path
                      d="M22.3756 17.0477C22.5852 17.277 22.8593 17.3912 23.1974 17.3912C23.5353 17.3912 23.8092 17.277 24.019 17.0477C24.2289 16.819 24.3337 16.5195 24.3337 16.1485C24.3337 15.7778 24.2289 15.478 24.019 15.2491C23.8092 15.0201 23.5353 14.9056 23.1974 14.9056C22.8593 14.9056 22.5852 15.0201 22.3756 15.2491C22.1658 15.478 22.0609 15.7778 22.0609 16.1485C22.0609 16.5195 22.1658 16.819 22.3756 17.0477ZM21.3004 15.0325C21.4802 14.7027 21.735 14.4438 22.065 14.2557C22.3947 14.0677 22.7721 13.9736 23.1974 13.9736C23.6225 13.9736 23.9999 14.0677 24.3297 14.2557C24.6594 14.4438 24.9141 14.7027 25.0943 15.0325C25.2742 15.3623 25.3639 15.7344 25.3639 16.1485C25.3639 16.5628 25.2742 16.9348 25.0943 17.2646C24.9141 17.5944 24.6594 17.8532 24.3297 18.0414C23.9999 18.2295 23.6225 18.3232 23.1974 18.3232C22.7721 18.3232 22.3947 18.2295 22.065 18.0414C21.735 17.8532 21.4802 17.5944 21.3004 17.2646C21.1205 16.9348 21.0308 16.5628 21.0308 16.1485C21.0308 15.7344 21.1205 15.3623 21.3004 15.0325Z"
                      fill="#040606"
                    ></path>
                    <path
                      d="M30.1263 18.2578H29.145L28.4339 15.4943L27.7225 18.2578H26.7411L25.4248 14.039H26.4141L27.2153 16.8024L27.9431 14.039H28.9245L29.6522 16.8024L30.4533 14.039H31.4426L30.1263 18.2578Z"
                      fill="#040606"
                    ></path>
                    <path
                      d="M18.0825 33.0868C18.2357 32.9529 18.3121 32.7552 18.3121 32.4933C18.3121 32.2312 18.2357 32.0335 18.0825 31.8996C17.9301 31.7658 17.7224 31.6994 17.4605 31.6994H16.5027V33.287H17.4605C17.7224 33.287 17.9301 33.2206 18.0825 33.0868ZM16.5027 36.4473H15.4385V30.7164H17.5426C17.9244 30.7164 18.2548 30.7944 18.5331 30.95C18.8114 31.1058 19.0243 31.3182 19.1715 31.5886C19.319 31.8587 19.3923 32.1602 19.3923 32.4933C19.3923 32.826 19.319 33.1278 19.1715 33.3979C19.0243 33.6678 18.8114 33.8807 18.5331 34.0362C18.2548 34.1918 17.9244 34.2697 17.5426 34.2697H16.5027V36.4473Z"
                      fill="#040606"
                    ></path>
                    <path
                      d="M19.8657 32.2232H20.881V32.8617C21.0007 32.6323 21.17 32.4578 21.3886 32.3378C21.6068 32.2175 21.8498 32.1576 22.117 32.1576C22.3953 32.1576 22.6137 32.2201 22.7721 32.3457L22.4281 33.2055C22.2859 33.1289 22.1361 33.0906 21.9779 33.0906C21.6611 33.0906 21.3992 33.2275 21.192 33.5C20.9847 33.773 20.881 34.1931 20.881 34.7609V36.4473H19.8657V32.2232Z"
                      fill="#040606"
                    ></path>
                    <path
                      d="M24.176 36.4473H23.1607V32.2232H24.176V36.4473ZM23.2019 30.7412C23.3273 30.6156 23.4829 30.5529 23.6684 30.5529C23.8536 30.5529 24.0094 30.6156 24.135 30.7412C24.2604 30.8669 24.3232 31.0222 24.3232 31.2077C24.3232 31.3936 24.2604 31.5488 24.135 31.6746C24.0094 31.8 23.8536 31.8628 23.6684 31.8628C23.4829 31.8628 23.3273 31.8 23.2019 31.6746C23.0764 31.5488 23.0137 31.3936 23.0137 31.2077C23.0137 31.0222 23.0764 30.8669 23.2019 30.7412Z"
                      fill="#040606"
                    ></path>
                    <path
                      d="M25.8191 36.2343C25.4966 36.0492 25.2462 35.7915 25.0659 35.4611C24.8857 35.1309 24.7959 34.7557 24.7959 34.3352C24.7959 33.9151 24.8857 33.5396 25.0659 33.2096C25.2462 32.8794 25.4966 32.6214 25.8191 32.4359C26.1407 32.2504 26.5095 32.1577 26.9241 32.1577C27.8628 32.1577 28.4985 32.5424 28.8316 33.3121L27.9066 33.7294C27.6939 33.3035 27.3662 33.0907 26.9241 33.0907C26.6076 33.0907 26.3457 33.2056 26.138 33.4348C25.9309 33.6635 25.8271 33.964 25.8271 34.3352C25.8271 34.7065 25.9309 35.0066 26.138 35.2355C26.3457 35.4651 26.6076 35.5796 26.9241 35.5796C27.3662 35.5796 27.6939 35.3667 27.9066 34.9413L28.8316 35.3588C28.4985 36.1282 27.8628 36.5127 26.9241 36.5127C26.5095 36.5127 26.1407 36.4202 25.8191 36.2343Z"
                      fill="#040606"
                    ></path>
                    <path
                      d="M32.1759 33.8603C32.1377 33.6203 32.0274 33.4238 31.8445 33.2713C31.6617 33.118 31.4312 33.0416 31.1528 33.0416C30.9178 33.0416 30.7076 33.1142 30.5225 33.2587C30.3369 33.4032 30.2084 33.604 30.1373 33.8603H32.1759ZM33.216 34.6624H30.0966C30.151 34.9734 30.2791 35.21 30.4814 35.371C30.6832 35.5321 30.9289 35.6123 31.2182 35.6123C31.4582 35.6123 31.6586 35.5621 31.8197 35.4611C31.981 35.3597 32.1351 35.2059 32.2824 34.9982L33.1422 35.4651C32.9345 35.8037 32.6714 36.0625 32.3517 36.2427C32.0327 36.4226 31.6357 36.5127 31.1608 36.5127C30.7133 36.5127 30.3297 36.4082 30.0106 36.1979C29.6913 35.9875 29.4525 35.7161 29.2943 35.383C29.1359 35.0503 29.0571 34.7009 29.0571 34.3352C29.0571 33.9697 29.1399 33.6203 29.3065 33.2872C29.473 32.9545 29.7145 32.6831 30.0313 32.4728C30.3476 32.2626 30.7217 32.1577 31.1528 32.1577C31.5889 32.1577 31.9631 32.2557 32.2742 32.4523C32.5852 32.6488 32.8197 32.9067 32.9782 33.226C33.1365 33.545 33.216 33.8849 33.216 34.2453V34.6624Z"
                      fill="#040606"
                    ></path>
                    <path
                      d="M9.13617 21.298H6.03734V22.8016H8.52242V24.0285H6.03734V26.0024H9.23843V27.2295H4.70801V20.0709H9.13617V21.298Z"
                      fill="#040606"
                    ></path>
                    <path
                      d="M9.25439 21.9527H10.5327L11.7802 25.4808L13.0281 21.9527H14.3065L12.3532 27.2295H11.2076L9.25439 21.9527Z"
                      fill="#040606"
                    ></path>
                    <path
                      d="M18.1491 23.9973C18.1012 23.6974 17.963 23.4521 17.7347 23.261C17.5062 23.0701 17.2182 22.9747 16.8707 22.9747C16.5772 22.9747 16.3147 23.065 16.0828 23.2456C15.8514 23.4262 15.6909 23.6768 15.6023 23.9973H18.1491ZM19.4475 24.9994H15.5513C15.6193 25.3881 15.7795 25.6829 16.032 25.884C16.284 26.0852 16.5909 26.186 16.9524 26.186C17.2521 26.186 17.5026 26.1228 17.7037 25.9966C17.9049 25.8703 18.0977 25.6779 18.2817 25.4187L19.3555 26.0018C19.0961 26.4242 18.7676 26.7483 18.3688 26.9734C17.9699 27.1981 17.4737 27.3105 16.8807 27.3105C16.3216 27.3105 15.8426 27.1794 15.4437 26.9167C15.0453 26.6544 14.7468 26.3152 14.5491 25.8993C14.3513 25.4837 14.2524 25.0473 14.2524 24.5906C14.2524 24.1337 14.3562 23.6974 14.5643 23.2816C14.7722 22.8656 15.0741 22.5264 15.4696 22.264C15.865 22.0016 16.3319 21.8703 16.8707 21.8703C17.4159 21.8703 17.8828 21.993 18.2715 22.2385C18.6601 22.4839 18.9531 22.8059 19.1509 23.2047C19.3486 23.6036 19.4475 24.028 19.4475 24.478V24.9994Z"
                      fill="#040606"
                    ></path>
                    <path
                      d="M20.1338 21.9527H21.4018V22.7501C21.5515 22.4639 21.7634 22.2458 22.036 22.0959C22.3087 21.9458 22.612 21.8709 22.9463 21.8709C23.2937 21.8709 23.5665 21.9492 23.7642 22.1059L23.3349 23.1797C23.1574 23.0845 22.9698 23.0366 22.772 23.0366C22.3767 23.0366 22.0497 23.207 21.7903 23.5478C21.5315 23.8889 21.4018 24.4139 21.4018 25.1227V27.2295H20.1338V21.9527Z"
                      fill="#040606"
                    ></path>
                    <path
                      d="M25.7172 26.9022L23.8047 21.9528H25.0831L26.3206 25.3068L27.4865 21.9528H28.7545L26.0545 29.3154H24.8275L25.7172 26.9022Z"
                      fill="#040606"
                    ></path>
                    <path
                      d="M32.1759 25.7254C32.4245 25.446 32.5493 25.0676 32.5493 24.5906C32.5493 24.1133 32.4245 23.735 32.1759 23.4553C31.9268 23.1759 31.6152 23.036 31.2402 23.036C30.865 23.036 30.5531 23.1759 30.3045 23.4553C30.0554 23.735 29.9311 24.1133 29.9311 24.5906C29.9311 25.0676 30.0554 25.446 30.3045 25.7254C30.5531 26.0054 30.865 26.1448 31.2402 26.1448C31.6152 26.1448 31.9268 26.0054 32.1759 25.7254ZM29.7573 26.9631C29.403 26.7312 29.125 26.4072 28.9239 25.9916C28.7227 25.5757 28.6221 25.1086 28.6221 24.5906C28.6221 24.0656 28.7192 23.5968 28.9136 23.1845C29.1081 22.7719 29.3789 22.4498 29.727 22.2179C30.0745 21.9864 30.4733 21.8703 30.9232 21.8703C31.2775 21.8703 31.5877 21.9335 31.8535 22.0596C32.1196 22.1857 32.3243 22.3646 32.4673 22.5963V19.9886H33.7353V27.229H32.4673V26.5947C32.317 26.8062 32.1128 26.9783 31.8535 27.1111C31.5945 27.2441 31.2878 27.3105 30.9335 27.3105C30.5042 27.3105 30.1117 27.1947 29.7573 26.9631Z"
                      fill="#040606"
                    ></path>
                    <path
                      d="M37.3676 25.9197C37.603 25.7151 37.7204 25.4631 37.7204 25.1631V25.02H36.7184C36.4252 25.02 36.1916 25.0763 36.0177 25.1887C35.844 25.3011 35.7569 25.4562 35.7569 25.654C35.7569 25.838 35.8201 25.9794 35.9462 26.0784C36.0721 26.1772 36.258 26.2267 36.5037 26.2267C36.8444 26.2267 37.1326 26.1244 37.3676 25.9197ZM35.3272 27.1267C35.0547 27.0038 34.8363 26.8247 34.6729 26.5897C34.5093 26.3544 34.4277 26.073 34.4277 25.746C34.4277 25.2278 34.6219 24.8106 35.0105 24.4933C35.3992 24.1764 35.9241 24.0177 36.5854 24.0177H37.7204V23.8336C37.7204 23.5679 37.6284 23.3549 37.4444 23.1945C37.2603 23.0344 37.0113 22.9542 36.698 22.9542C36.4455 22.9542 36.2173 23.0207 36.0129 23.1536C35.8083 23.2866 35.6546 23.4419 35.5523 23.619L34.5809 23.036C34.7649 22.7021 35.0375 22.4244 35.3992 22.2028C35.7603 21.981 36.1931 21.8703 36.698 21.8703C37.4205 21.8703 37.9827 22.0439 38.385 22.3916C38.7873 22.7395 38.9885 23.2405 38.9885 23.8952V27.229H37.9455L37.7718 26.554C37.6009 26.7859 37.3846 26.97 37.1223 27.1061C36.8595 27.2425 36.5512 27.3105 36.1969 27.3105C35.8899 27.3105 35.6003 27.2494 35.3272 27.1267Z"
                      fill="#040606"
                    ></path>
                    <path
                      d="M40.9395 26.9022L39.0273 21.9528H40.3056L41.5429 25.3068L42.7087 21.9528H43.9767L41.2772 29.3154H40.0498L40.9395 26.9022Z"
                      fill="#040606"
                    ></path>
                  </svg>
                  <p
                    class="styled__StyledBodyText-sc-119w3hf-5 ggtTyf styled__DarkGreyBodyText-sc-9yzfq2-2 lmkdDf"
                  >
                    Low Everyday Price
                  </p>
                </div>
              </div>
            </div>
          </div>
        </div>
      </div>
    </div>
  </li>
  <li class="product-list--list-item">
    <div class="styles__StyledVerticalTileWrapper-dvv1wj-0 dtCNPH">
      <div
        data-auto="product-tile"
        data-auto-type="Quantity"
        data-auto-available="true"
        data-auto-is-restricted-disabled="false"
        data-auto-is-substitute="false"
        class="styles__StyledVerticalTile-dvv1wj-1 gSCsYK"
      >
        <div class="styles__StyledTileContentWrapper-dvv1wj-2 bkNhNP beans">
          <div
            id="tile-254864567"
            data-auto-id="254864567"
            class="styles__StyledTiledContent-dvv1wj-3 bcglTg"
          >
            <a
              href="/groceries/en-GB/products/254864567"
              aria-hidden="true"
              class="product-image-wrapper"
              tabindex="1"
              ><div class="product-image__container">
                <picture
                  ><img
                    class="styled__Image-sjvkdn-0 bJErKA product-image beans-responsive-image__image"
                    src="https://digitalcontent.api.tesco.com/v2/media/ghs/f23a40fa-75c0-44e9-a303-d4e6756e61b8/ff45f612-5750-4899-b71c-6f437c7d34c2_920127815.jpeg?h=225&amp;w=225"
                    srcset="
                      https://digitalcontent.api.tesco.com/v2/media/ghs/f23a40fa-75c0-44e9-a303-d4e6756e61b8/ff45f612-5750-4899-b71c-6f437c7d34c2_920127815.jpeg?h=225&amp;w=225  768w,
                      https://digitalcontent.api.tesco.com/v2/media/ghs/f23a40fa-75c0-44e9-a303-d4e6756e61b8/ff45f612-5750-4899-b71c-6f437c7d34c2_920127815.jpeg?h=225&amp;w=225 4000w
                    "
                    alt="John West Sild In Tomato Sauce 110G"
                /></picture></div
            ></a>
            <div class="product-details--wrapper">
              <h3 class="styles__H3-oa5soe-0 bCKNNq">
                <a
                  href="/groceries/en-GB/products/254864567"
                  class="styled__Anchor-sc-1xbujuz-0 csVOnh beans-link__anchor"
                  data-auto="product-tile--title"
                  ><span
                    class="styled__Text-sc-1xbujuz-1 ldbwMG beans-link__text"
                    >John West Sild In Tomato Sauce 110G</span
                  ></a
                >
              </h3>
              <div
                class="styles__StyledPromotionsAboveMobile-dvv1wj-7 iPTMuo"
              ></div>
              <div class="styles__StyledProductDetailsContent-dvv1wj-5 ddRSrq">
                <a
                  href="/groceries/en-GB/reviews/submission/254864567?from=%2Fsearch%3Fquery%3Dseafood"
                  aria-label="Write a review for John West Sild In Tomato Sauce 110G"
                  class="styled__Anchor-sc-1xbujuz-0 jSzuDt write-a-review-link beans-link__anchor"
                  data-auto="review-link"
                  ><span
                    class="styled__Text-sc-1xbujuz-1 fyDIEo beans-link__text"
                    >Write a review</span
                  ><span
                    class="styled__IconContainer-sc-1xbujuz-2 bSauSL beans-link__icon-container"
                    ><svg
                      aria-hidden="true"
                      class="styled__SVG-xxa4wh-1 hQMCqc beans-link__icon beans-icon__svg"
                      height="13.33"
                      preserveAspectRatio="xMinYMax meet"
                      viewBox="-1 0 12 20"
                      width="8"
                      xmlns="http://www.w3.org/2000/svg"
                      color="currentColor"
                    >
                      <path
                        d="M1.312 1.348L10.276 10l-8.964 8.644"
                        fill="none"
                        stroke="currentColor"
                      ></path></svg></span
                ></a>
                <div>
                  <a
                    href="/groceries/en-GB/shop/food-cupboard/tins-cans-and-packets/tinned-fish-and-seafood/tinned-seafood"
                    class="styled__Anchor-sc-1xbujuz-0 jSzuDt rest-of-shelf-link beans-link__anchor"
                    data-auto="rest-of-shelf-link"
                    ><span
                      class="styled__Text-sc-1xbujuz-1 fyDIEo beans-link__text"
                      >Rest of
                      <span class="visually-hidden">Tinned Seafood</span>
                      shelf</span
                    ><span
                      class="styled__IconContainer-sc-1xbujuz-2 bSauSL beans-link__icon-container"
                      ><svg
                        aria-hidden="true"
                        class="styled__SVG-xxa4wh-1 hQMCqc beans-link__icon beans-icon__svg"
                        height="13.33"
                        preserveAspectRatio="xMinYMax meet"
                        viewBox="-1 0 12 20"
                        width="8"
                        xmlns="http://www.w3.org/2000/svg"
                        color="currentColor"
                      >
                        <path
                          d="M1.312 1.348L10.276 10l-8.964 8.644"
                          fill="none"
                          stroke="currentColor"
                        ></path></svg></span
                  ></a>
                </div>
                <div class="product-info-message-section">
                  <div class="product-info-message-list"></div>
                </div>
              </div>
              <div class="styles__StyledBuyBoxWrapper-dvv1wj-4 dSvjUC">
                <div
                  class="styles__StyledBuyBoxContainer-sc-1wx0qp6-0 erryje"
                  data-auto="buybox-container"
                >
                  <div class="styles__SafeFormWrapper-jtpu2t-0 lcrYKS">
                    <form
                      action="/groceries/en-GB/trolley/items/254864567?_method=PUT"
                      method="POST"
                    >
                      <input type="submit" class="hidden" /><input
                        type="hidden"
                        name="id"
                        value="254864567"
                      /><input
                        type="hidden"
                        name="identifier"
                        value="Page"
                      /><input
                        type="hidden"
                        name="anchorId"
                        value="#tile-254864567"
                      /><input
                        type="hidden"
                        name="returnUrl"
                        value="/groceries/en-GB/search?query=seafood&amp;redirectIfUnavailable=true#tile-254864567"
                      /><input type="hidden" name="backToUrl" value="#" /><input
                        type="hidden"
                        name="oldValue"
                        value="0"
                      /><input
                        type="hidden"
                        name="oldUnitChoice"
                        value="pcs"
                      /><input type="hidden" name="newUnitChoice" value="pcs" />
                      <div
                        class="base-components__RootElement-sc-1mosoyj-1 styled__Container-sc-6nhkzi-0 jptQqM hSNpTb beans-buybox__container"
                      >
                        <div
                          class="base-components__BaseElement-sc-1mosoyj-0 styled__PriceAndActions-sc-6nhkzi-3 oznwo eEPLov beans-buybox__price-and-actions"
                        >
                          <div
                            class="base-components__RootElement-sc-1mosoyj-1 styled__Container-sc-8qlq5b-0 jptQqM bgZrjw styled__StyledPrice-sc-6nhkzi-5 iYHeik beans-buybox__price beans-price__container"
                          >
                            <p
                              class="styled__StyledHeading-sc-119w3hf-2 jWPEtj styled__Text-sc-8qlq5b-1 lnaeiZ beans-price__text"
                            >
                              £1.50
                            </p>
                            <p
                              class="styled__StyledFootnote-sc-119w3hf-7 icrlVF styled__Subtext-sc-8qlq5b-2 bNJmdc beans-price__subtext"
                            >
                              £1.37/100g
                            </p>
                          </div>
                          <div
                            class="base-components__RootElement-sc-1mosoyj-1 styled__Container-vtxwzb-0 jptQqM bDFhXJ beans-buybox__actions beans-quantity-controls__container"
                          >
                            <div
                              class="base-components__RootElement-sc-1mosoyj-1 styled__Container-sc-16t2b2a-0 jptQqM PUfgZ styled__StyledFormGroup-vtxwzb-1 kzKuAr beans-quantity-controls__form-group beans-form-group__container"
                            >
                              <label
                                class="styled__StyledLabel-sc-1ttuvhr-0 izGEjV beans-form-group__label beans-label"
                                for="quantity-controls-254864567"
                                >Quantity controls<!-- -->
                              </label>
                              <div
                                class="base-components__BaseElement-sc-1mosoyj-0 styled__Children-sc-16t2b2a-3 oznwo gdJvjO beans-form-group__children"
                              >
                                <div
                                  class="styled__StyledQuantityControlWrapper-vtxwzb-6 LCxOg"
                                >
                                  <label
                                    id="quantity-controls-254864567-label"
                                    class="styled__VisuallyHiddenLabel-vtxwzb-7 gXlLiM"
                                    >Quantity of John West Sild In Tomato Sauce
                                    110G</label
                                  >
                                  <div
                                    class="component__Wrapper-sc-1kpmik-3 dReplG input-wrapper"
                                  >
                                    <input
                                      type="number"
                                      class="base-components__RootElement-sc-1mosoyj-1 styled__StyledInput-sc-1jd5f57-0 component__StyledAsInput-sc-1kpmik-4 jptQqM eJLlow styled__StyledInput-vtxwzb-3 lwMHo beans-quantity-controls__input beans-input"
                                      data-auto="beans-quantity-controls-input"
                                      autocomplete="off"
                                      id="quantity-controls-254864567"
                                      maxlength="2"
                                      name="newValue"
                                      aria-labelledby="quantity-controls-254864567-label"
                                      value="1"
                                    />
                                  </div>
                                </div>
                                <button
                                  class="styled__BaseButton-rsekm1-0 styled__PrimaryButton-rsekm1-2 jChbeY geeWOF styled__StyledButton-vtxwzb-5 japAxb beans-quantity-controls__add-button beans-button__container"
                                  type="submit"
                                  data-auto="beans-quantity-controls-add-button"
                                  aria-label="Quantity of John West Sild In Tomato Sauce 110G"
                                >
                                  <span
                                    class="base-components__BaseElement-sc-1mosoyj-0 styled__InnerContainer-rsekm1-1 oznwo fuFres beans-button__inner-container"
                                    ><span
                                      class="base-components__BaseElement-sc-1mosoyj-0 styled__TextSpan-rsekm1-4 oznwo GDiMp beans-button__text"
                                      >Add</span
                                    ></span
                                  >
                                </button>
                              </div>
                            </div>
                          </div>
                        </div>
                      </div>
                      <input
                        type="hidden"
                        name="_csrf"
                        value="BeMqcJBE-zCJWuNH91oq73jFXs7WkHUAPSZM"
                      />
                    </form>
                  </div>
                </div>
              </div>
            </div>
            <div class="hidden-medium product-info-section-small">
              <div class="product-info-message-list"></div>
            </div>
          </div>
        </div>
      </div>
    </div>
  </li>
  <li class="product-list--list-item">
    <div class="styles__StyledVerticalTileWrapper-dvv1wj-0 dtCNPH">
      <div
        data-auto="product-tile"
        data-auto-type="Quantity"
        data-auto-available="true"
        data-auto-is-restricted-disabled="false"
        data-auto-is-substitute="false"
        class="styles__StyledVerticalTile-dvv1wj-1 gSCsYK"
      >
        <div class="styles__StyledTileContentWrapper-dvv1wj-2 bkNhNP beans">
          <div
            id="tile-302638550"
            data-auto-id="302638550"
            class="styles__StyledTiledContent-dvv1wj-3 bcglTg"
          >
            <a
              href="/groceries/en-GB/products/302638550"
              aria-hidden="true"
              class="product-image-wrapper"
              tabindex="1"
              ><div class="product-image__container">
                <picture
                  ><img
                    class="styled__Image-sjvkdn-0 bJErKA product-image beans-responsive-image__image"
                    src="https://digitalcontent.api.tesco.com/v2/media/ghs/a2ec89e6-35b2-4676-9c0e-bbc327525e3f/55afe08d-3e95-4f41-b34a-0d01db01c4dd_705107216.jpeg?h=225&amp;w=225"
                    srcset="
                      https://digitalcontent.api.tesco.com/v2/media/ghs/a2ec89e6-35b2-4676-9c0e-bbc327525e3f/55afe08d-3e95-4f41-b34a-0d01db01c4dd_705107216.jpeg?h=225&amp;w=225  768w,
                      https://digitalcontent.api.tesco.com/v2/media/ghs/a2ec89e6-35b2-4676-9c0e-bbc327525e3f/55afe08d-3e95-4f41-b34a-0d01db01c4dd_705107216.jpeg?h=225&amp;w=225 4000w
                    "
                    alt="Kingfisher Lump Crab 145G"
                /></picture></div
            ></a>
            <div class="product-details--wrapper">
              <h3 class="styles__H3-oa5soe-0 bCKNNq">
                <a
                  href="/groceries/en-GB/products/302638550"
                  class="styled__Anchor-sc-1xbujuz-0 csVOnh beans-link__anchor"
                  data-auto="product-tile--title"
                  ><span
                    class="styled__Text-sc-1xbujuz-1 ldbwMG beans-link__text"
                    >Kingfisher Lump Crab 145G</span
                  ></a
                >
              </h3>
              <div
                class="styles__StyledPromotionsAboveMobile-dvv1wj-7 iPTMuo"
              ></div>
              <div class="styles__StyledProductDetailsContent-dvv1wj-5 ddRSrq">
                <a
                  href="/groceries/en-GB/reviews/submission/302638550?from=%2Fsearch%3Fquery%3Dseafood"
                  aria-label="Write a review for Kingfisher Lump Crab 145G"
                  class="styled__Anchor-sc-1xbujuz-0 jSzuDt write-a-review-link beans-link__anchor"
                  data-auto="review-link"
                  ><span
                    class="styled__Text-sc-1xbujuz-1 fyDIEo beans-link__text"
                    >Write a review</span
                  ><span
                    class="styled__IconContainer-sc-1xbujuz-2 bSauSL beans-link__icon-container"
                    ><svg
                      aria-hidden="true"
                      class="styled__SVG-xxa4wh-1 hQMCqc beans-link__icon beans-icon__svg"
                      height="13.33"
                      preserveAspectRatio="xMinYMax meet"
                      viewBox="-1 0 12 20"
                      width="8"
                      xmlns="http://www.w3.org/2000/svg"
                      color="currentColor"
                    >
                      <path
                        d="M1.312 1.348L10.276 10l-8.964 8.644"
                        fill="none"
                        stroke="currentColor"
                      ></path></svg></span
                ></a>
                <div>
                  <a
                    href="/groceries/en-GB/shop/food-cupboard/tins-cans-and-packets/tinned-fish-and-seafood/tinned-seafood"
                    class="styled__Anchor-sc-1xbujuz-0 jSzuDt rest-of-shelf-link beans-link__anchor"
                    data-auto="rest-of-shelf-link"
                    ><span
                      class="styled__Text-sc-1xbujuz-1 fyDIEo beans-link__text"
                      >Rest of
                      <span class="visually-hidden">Tinned Seafood</span>
                      shelf</span
                    ><span
                      class="styled__IconContainer-sc-1xbujuz-2 bSauSL beans-link__icon-container"
                      ><svg
                        aria-hidden="true"
                        class="styled__SVG-xxa4wh-1 hQMCqc beans-link__icon beans-icon__svg"
                        height="13.33"
                        preserveAspectRatio="xMinYMax meet"
                        viewBox="-1 0 12 20"
                        width="8"
                        xmlns="http://www.w3.org/2000/svg"
                        color="currentColor"
                      >
                        <path
                          d="M1.312 1.348L10.276 10l-8.964 8.644"
                          fill="none"
                          stroke="currentColor"
                        ></path></svg></span
                  ></a>
                </div>
                <div class="product-info-message-section">
                  <div class="product-info-message-list">
                    <div class="styled__WhiteBackground-sc-9yzfq2-1 jthPIJ">
                      <svg
                        width="56"
                        height="56"
                        viewBox="0 0 56 56"
                        fill="none"
                        xmlns="http://www.w3.org/2000/svg"
                      >
                        <path
                          d="M47.3812 23.9997C47.3812 36.9128 36.913 47.3809 23.9999 47.3809C11.0869 47.3809 0.618652 36.9128 0.618652 23.9997C0.618652 11.0866 11.0869 0.618412 23.9999 0.618412C36.913 0.618412 47.3812 11.0866 47.3812 23.9997Z"
                          fill="white"
                        ></path>
                        <path
                          d="M47.2669 24.0006C47.2669 36.8253 36.8706 47.2217 24.046 47.2217C11.2214 47.2217 0.73291 36.9173 0.73291 24.0926C0.73291 11.2678 11.2214 0.77932 24.046 0.77932C36.8706 0.77932 47.2669 11.1758 47.2669 24.0006Z"
                          fill="white"
                        ></path>
                        <path
                          d="M40.5112 24.4162H39.8523C39.8519 28.7959 38.0789 32.7545 35.2089 35.6251C32.3383 38.4946 28.3799 40.2678 24.0004 40.268C19.6209 40.2678 15.662 38.4946 12.7914 35.6251C9.92179 32.7545 8.14879 28.7959 8.14848 24.4162C8.14879 20.0367 9.92179 16.0782 12.7914 13.2075C15.662 10.3379 19.6209 8.565 24.0004 8.56473C28.3799 8.565 32.3383 10.3379 35.2089 13.2075C38.0789 16.0782 39.8519 20.0367 39.8523 24.4162H40.5112H41.1701C41.1697 14.9333 33.4831 7.2471 24.0004 7.24669C14.5175 7.2471 6.83099 14.9333 6.83057 24.4162C6.83099 33.8993 14.5175 41.5855 24.0004 41.5859C33.4831 41.5855 41.1697 33.8993 41.1701 24.4162H40.5112Z"
                          fill="#040606"
                        ></path>
                        <path
                          d="M46.5795 24.0003H45.9377C45.9373 30.0604 43.483 35.5404 39.5122 39.5124C35.5401 43.4833 30.06 45.9373 24.0003 45.9377C17.9403 45.9373 12.4601 43.4833 8.48825 39.5124C4.51756 35.5404 2.06321 30.0604 2.06284 24.0003C2.06321 17.9406 4.51756 12.4603 8.48825 8.48857C12.4601 4.51752 17.9403 2.06367 24.0003 2.06327C30.06 2.06367 35.5401 4.51752 39.5122 8.48857C43.483 12.4603 45.9373 17.9406 45.9377 24.0003H46.5795H47.2216C47.221 11.1753 36.8253 0.779591 24.0003 0.77932C11.1753 0.779591 0.779601 11.1753 0.778809 24.0003C0.779601 36.8256 11.1753 47.2214 24.0003 47.2217C36.8253 47.2214 47.221 36.8256 47.2216 24.0003H46.5795Z"
                          fill="#EE2742"
                        ></path>
                        <path
                          d="M38.9616 9.03867C42.7926 12.8723 45.158 18.1525 45.1588 23.9999C45.158 29.8475 42.7926 35.1277 38.9615 38.9615C35.1276 42.7928 29.8473 45.1577 24.0001 45.1585C18.1525 45.1577 12.8723 42.7928 9.03866 38.9613C5.20759 35.1277 2.84225 29.8475 2.84141 23.9999C2.84225 18.1525 5.20759 12.8723 9.03882 9.03867C12.8723 5.20738 18.1525 2.84242 24.0003 2.84161C29.8473 2.84242 35.1275 5.20738 38.9616 9.03867ZM48.0003 23.2212H47.9863C47.574 10.3265 36.9948 0.000953421 24.0001 0.000141651C10.7448 0.00108872 0.00126839 10.7446 0 23.9999C0.00126839 37.2556 10.7448 47.999 24.0001 48C36.9948 47.9992 47.574 37.6736 47.9863 24.7785H48.0003V24.0019C48.0003 24.0012 48.0003 24.0005 48.0003 24V23.2212Z"
                          fill="#EE2742"
                        ></path>
                        <path
                          d="M43.7523 30.792H10.9861L10.5169 29.0828H4.30322V18.3235H43.7523V30.792Z"
                          fill="white"
                        ></path>
                        <path
                          d="M18.3762 17.2768H20.8701V18.2578H17.3135V12.5344H18.3762V17.2768Z"
                          fill="#040606"
                        ></path>
                        <path
                          d="M22.3756 17.0477C22.5852 17.277 22.8593 17.3912 23.1974 17.3912C23.5353 17.3912 23.8092 17.277 24.019 17.0477C24.2289 16.819 24.3337 16.5195 24.3337 16.1485C24.3337 15.7778 24.2289 15.478 24.019 15.2491C23.8092 15.0201 23.5353 14.9056 23.1974 14.9056C22.8593 14.9056 22.5852 15.0201 22.3756 15.2491C22.1658 15.478 22.0609 15.7778 22.0609 16.1485C22.0609 16.5195 22.1658 16.819 22.3756 17.0477ZM21.3004 15.0325C21.4802 14.7027 21.735 14.4438 22.065 14.2557C22.3947 14.0677 22.7721 13.9736 23.1974 13.9736C23.6225 13.9736 23.9999 14.0677 24.3297 14.2557C24.6594 14.4438 24.9141 14.7027 25.0943 15.0325C25.2742 15.3623 25.3639 15.7344 25.3639 16.1485C25.3639 16.5628 25.2742 16.9348 25.0943 17.2646C24.9141 17.5944 24.6594 17.8532 24.3297 18.0414C23.9999 18.2295 23.6225 18.3232 23.1974 18.3232C22.7721 18.3232 22.3947 18.2295 22.065 18.0414C21.735 17.8532 21.4802 17.5944 21.3004 17.2646C21.1205 16.9348 21.0308 16.5628 21.0308 16.1485C21.0308 15.7344 21.1205 15.3623 21.3004 15.0325Z"
                          fill="#040606"
                        ></path>
                        <path
                          d="M30.1263 18.2578H29.145L28.4339 15.4943L27.7225 18.2578H26.7411L25.4248 14.039H26.4141L27.2153 16.8024L27.9431 14.039H28.9245L29.6522 16.8024L30.4533 14.039H31.4426L30.1263 18.2578Z"
                          fill="#040606"
                        ></path>
                        <path
                          d="M18.0825 33.0868C18.2357 32.9529 18.3121 32.7552 18.3121 32.4933C18.3121 32.2312 18.2357 32.0335 18.0825 31.8996C17.9301 31.7658 17.7224 31.6994 17.4605 31.6994H16.5027V33.287H17.4605C17.7224 33.287 17.9301 33.2206 18.0825 33.0868ZM16.5027 36.4473H15.4385V30.7164H17.5426C17.9244 30.7164 18.2548 30.7944 18.5331 30.95C18.8114 31.1058 19.0243 31.3182 19.1715 31.5886C19.319 31.8587 19.3923 32.1602 19.3923 32.4933C19.3923 32.826 19.319 33.1278 19.1715 33.3979C19.0243 33.6678 18.8114 33.8807 18.5331 34.0362C18.2548 34.1918 17.9244 34.2697 17.5426 34.2697H16.5027V36.4473Z"
                          fill="#040606"
                        ></path>
                        <path
                          d="M19.8657 32.2232H20.881V32.8617C21.0007 32.6323 21.17 32.4578 21.3886 32.3378C21.6068 32.2175 21.8498 32.1576 22.117 32.1576C22.3953 32.1576 22.6137 32.2201 22.7721 32.3457L22.4281 33.2055C22.2859 33.1289 22.1361 33.0906 21.9779 33.0906C21.6611 33.0906 21.3992 33.2275 21.192 33.5C20.9847 33.773 20.881 34.1931 20.881 34.7609V36.4473H19.8657V32.2232Z"
                          fill="#040606"
                        ></path>
                        <path
                          d="M24.176 36.4473H23.1607V32.2232H24.176V36.4473ZM23.2019 30.7412C23.3273 30.6156 23.4829 30.5529 23.6684 30.5529C23.8536 30.5529 24.0094 30.6156 24.135 30.7412C24.2604 30.8669 24.3232 31.0222 24.3232 31.2077C24.3232 31.3936 24.2604 31.5488 24.135 31.6746C24.0094 31.8 23.8536 31.8628 23.6684 31.8628C23.4829 31.8628 23.3273 31.8 23.2019 31.6746C23.0764 31.5488 23.0137 31.3936 23.0137 31.2077C23.0137 31.0222 23.0764 30.8669 23.2019 30.7412Z"
                          fill="#040606"
                        ></path>
                        <path
                          d="M25.8191 36.2343C25.4966 36.0492 25.2462 35.7915 25.0659 35.4611C24.8857 35.1309 24.7959 34.7557 24.7959 34.3352C24.7959 33.9151 24.8857 33.5396 25.0659 33.2096C25.2462 32.8794 25.4966 32.6214 25.8191 32.4359C26.1407 32.2504 26.5095 32.1577 26.9241 32.1577C27.8628 32.1577 28.4985 32.5424 28.8316 33.3121L27.9066 33.7294C27.6939 33.3035 27.3662 33.0907 26.9241 33.0907C26.6076 33.0907 26.3457 33.2056 26.138 33.4348C25.9309 33.6635 25.8271 33.964 25.8271 34.3352C25.8271 34.7065 25.9309 35.0066 26.138 35.2355C26.3457 35.4651 26.6076 35.5796 26.9241 35.5796C27.3662 35.5796 27.6939 35.3667 27.9066 34.9413L28.8316 35.3588C28.4985 36.1282 27.8628 36.5127 26.9241 36.5127C26.5095 36.5127 26.1407 36.4202 25.8191 36.2343Z"
                          fill="#040606"
                        ></path>
                        <path
                          d="M32.1759 33.8603C32.1377 33.6203 32.0274 33.4238 31.8445 33.2713C31.6617 33.118 31.4312 33.0416 31.1528 33.0416C30.9178 33.0416 30.7076 33.1142 30.5225 33.2587C30.3369 33.4032 30.2084 33.604 30.1373 33.8603H32.1759ZM33.216 34.6624H30.0966C30.151 34.9734 30.2791 35.21 30.4814 35.371C30.6832 35.5321 30.9289 35.6123 31.2182 35.6123C31.4582 35.6123 31.6586 35.5621 31.8197 35.4611C31.981 35.3597 32.1351 35.2059 32.2824 34.9982L33.1422 35.4651C32.9345 35.8037 32.6714 36.0625 32.3517 36.2427C32.0327 36.4226 31.6357 36.5127 31.1608 36.5127C30.7133 36.5127 30.3297 36.4082 30.0106 36.1979C29.6913 35.9875 29.4525 35.7161 29.2943 35.383C29.1359 35.0503 29.0571 34.7009 29.0571 34.3352C29.0571 33.9697 29.1399 33.6203 29.3065 33.2872C29.473 32.9545 29.7145 32.6831 30.0313 32.4728C30.3476 32.2626 30.7217 32.1577 31.1528 32.1577C31.5889 32.1577 31.9631 32.2557 32.2742 32.4523C32.5852 32.6488 32.8197 32.9067 32.9782 33.226C33.1365 33.545 33.216 33.8849 33.216 34.2453V34.6624Z"
                          fill="#040606"
                        ></path>
                        <path
                          d="M9.13617 21.298H6.03734V22.8016H8.52242V24.0285H6.03734V26.0024H9.23843V27.2295H4.70801V20.0709H9.13617V21.298Z"
                          fill="#040606"
                        ></path>
                        <path
                          d="M9.25439 21.9527H10.5327L11.7802 25.4808L13.0281 21.9527H14.3065L12.3532 27.2295H11.2076L9.25439 21.9527Z"
                          fill="#040606"
                        ></path>
                        <path
                          d="M18.1491 23.9973C18.1012 23.6974 17.963 23.4521 17.7347 23.261C17.5062 23.0701 17.2182 22.9747 16.8707 22.9747C16.5772 22.9747 16.3147 23.065 16.0828 23.2456C15.8514 23.4262 15.6909 23.6768 15.6023 23.9973H18.1491ZM19.4475 24.9994H15.5513C15.6193 25.3881 15.7795 25.6829 16.032 25.884C16.284 26.0852 16.5909 26.186 16.9524 26.186C17.2521 26.186 17.5026 26.1228 17.7037 25.9966C17.9049 25.8703 18.0977 25.6779 18.2817 25.4187L19.3555 26.0018C19.0961 26.4242 18.7676 26.7483 18.3688 26.9734C17.9699 27.1981 17.4737 27.3105 16.8807 27.3105C16.3216 27.3105 15.8426 27.1794 15.4437 26.9167C15.0453 26.6544 14.7468 26.3152 14.5491 25.8993C14.3513 25.4837 14.2524 25.0473 14.2524 24.5906C14.2524 24.1337 14.3562 23.6974 14.5643 23.2816C14.7722 22.8656 15.0741 22.5264 15.4696 22.264C15.865 22.0016 16.3319 21.8703 16.8707 21.8703C17.4159 21.8703 17.8828 21.993 18.2715 22.2385C18.6601 22.4839 18.9531 22.8059 19.1509 23.2047C19.3486 23.6036 19.4475 24.028 19.4475 24.478V24.9994Z"
                          fill="#040606"
                        ></path>
                        <path
                          d="M20.1338 21.9527H21.4018V22.7501C21.5515 22.4639 21.7634 22.2458 22.036 22.0959C22.3087 21.9458 22.612 21.8709 22.9463 21.8709C23.2937 21.8709 23.5665 21.9492 23.7642 22.1059L23.3349 23.1797C23.1574 23.0845 22.9698 23.0366 22.772 23.0366C22.3767 23.0366 22.0497 23.207 21.7903 23.5478C21.5315 23.8889 21.4018 24.4139 21.4018 25.1227V27.2295H20.1338V21.9527Z"
                          fill="#040606"
                        ></path>
                        <path
                          d="M25.7172 26.9022L23.8047 21.9528H25.0831L26.3206 25.3068L27.4865 21.9528H28.7545L26.0545 29.3154H24.8275L25.7172 26.9022Z"
                          fill="#040606"
                        ></path>
                        <path
                          d="M32.1759 25.7254C32.4245 25.446 32.5493 25.0676 32.5493 24.5906C32.5493 24.1133 32.4245 23.735 32.1759 23.4553C31.9268 23.1759 31.6152 23.036 31.2402 23.036C30.865 23.036 30.5531 23.1759 30.3045 23.4553C30.0554 23.735 29.9311 24.1133 29.9311 24.5906C29.9311 25.0676 30.0554 25.446 30.3045 25.7254C30.5531 26.0054 30.865 26.1448 31.2402 26.1448C31.6152 26.1448 31.9268 26.0054 32.1759 25.7254ZM29.7573 26.9631C29.403 26.7312 29.125 26.4072 28.9239 25.9916C28.7227 25.5757 28.6221 25.1086 28.6221 24.5906C28.6221 24.0656 28.7192 23.5968 28.9136 23.1845C29.1081 22.7719 29.3789 22.4498 29.727 22.2179C30.0745 21.9864 30.4733 21.8703 30.9232 21.8703C31.2775 21.8703 31.5877 21.9335 31.8535 22.0596C32.1196 22.1857 32.3243 22.3646 32.4673 22.5963V19.9886H33.7353V27.229H32.4673V26.5947C32.317 26.8062 32.1128 26.9783 31.8535 27.1111C31.5945 27.2441 31.2878 27.3105 30.9335 27.3105C30.5042 27.3105 30.1117 27.1947 29.7573 26.9631Z"
                          fill="#040606"
                        ></path>
                        <path
                          d="M37.3676 25.9197C37.603 25.7151 37.7204 25.4631 37.7204 25.1631V25.02H36.7184C36.4252 25.02 36.1916 25.0763 36.0177 25.1887C35.844 25.3011 35.7569 25.4562 35.7569 25.654C35.7569 25.838 35.8201 25.9794 35.9462 26.0784C36.0721 26.1772 36.258 26.2267 36.5037 26.2267C36.8444 26.2267 37.1326 26.1244 37.3676 25.9197ZM35.3272 27.1267C35.0547 27.0038 34.8363 26.8247 34.6729 26.5897C34.5093 26.3544 34.4277 26.073 34.4277 25.746C34.4277 25.2278 34.6219 24.8106 35.0105 24.4933C35.3992 24.1764 35.9241 24.0177 36.5854 24.0177H37.7204V23.8336C37.7204 23.5679 37.6284 23.3549 37.4444 23.1945C37.2603 23.0344 37.0113 22.9542 36.698 22.9542C36.4455 22.9542 36.2173 23.0207 36.0129 23.1536C35.8083 23.2866 35.6546 23.4419 35.5523 23.619L34.5809 23.036C34.7649 22.7021 35.0375 22.4244 35.3992 22.2028C35.7603 21.981 36.1931 21.8703 36.698 21.8703C37.4205 21.8703 37.9827 22.0439 38.385 22.3916C38.7873 22.7395 38.9885 23.2405 38.9885 23.8952V27.229H37.9455L37.7718 26.554C37.6009 26.7859 37.3846 26.97 37.1223 27.1061C36.8595 27.2425 36.5512 27.3105 36.1969 27.3105C35.8899 27.3105 35.6003 27.2494 35.3272 27.1267Z"
                          fill="#040606"
                        ></path>
                        <path
                          d="M40.9395 26.9022L39.0273 21.9528H40.3056L41.5429 25.3068L42.7087 21.9528H43.9767L41.2772 29.3154H40.0498L40.9395 26.9022Z"
                          fill="#040606"
                        ></path>
                      </svg>
                      <p
                        class="styled__StyledBodyText-sc-119w3hf-5 ggtTyf styled__DarkGreyBodyText-sc-9yzfq2-2 lmkdDf"
                      >
                        Low Everyday Price
                      </p>
                    </div>
                  </div>
                </div>
              </div>
              <div class="styles__StyledBuyBoxWrapper-dvv1wj-4 dSvjUC">
                <div
                  class="styles__StyledBuyBoxContainer-sc-1wx0qp6-0 erryje"
                  data-auto="buybox-container"
                >
                  <div class="styles__SafeFormWrapper-jtpu2t-0 lcrYKS">
                    <form
                      action="/groceries/en-GB/trolley/items/302638550?_method=PUT"
                      method="POST"
                    >
                      <input type="submit" class="hidden" /><input
                        type="hidden"
                        name="id"
                        value="302638550"
                      /><input
                        type="hidden"
                        name="identifier"
                        value="Page"
                      /><input
                        type="hidden"
                        name="anchorId"
                        value="#tile-302638550"
                      /><input
                        type="hidden"
                        name="returnUrl"
                        value="/groceries/en-GB/search?query=seafood&amp;redirectIfUnavailable=true#tile-302638550"
                      /><input type="hidden" name="backToUrl" value="#" /><input
                        type="hidden"
                        name="oldValue"
                        value="0"
                      /><input
                        type="hidden"
                        name="oldUnitChoice"
                        value="pcs"
                      /><input type="hidden" name="newUnitChoice" value="pcs" />
                      <div
                        class="base-components__RootElement-sc-1mosoyj-1 styled__Container-sc-6nhkzi-0 jptQqM hSNpTb beans-buybox__container"
                      >
                        <div
                          class="base-components__BaseElement-sc-1mosoyj-0 styled__PriceAndActions-sc-6nhkzi-3 oznwo eEPLov beans-buybox__price-and-actions"
                        >
                          <div
                            class="base-components__RootElement-sc-1mosoyj-1 styled__Container-sc-8qlq5b-0 jptQqM bgZrjw styled__StyledPrice-sc-6nhkzi-5 iYHeik beans-buybox__price beans-price__container"
                          >
                            <p
                              class="styled__StyledHeading-sc-119w3hf-2 jWPEtj styled__Text-sc-8qlq5b-1 lnaeiZ beans-price__text"
                            >
                              £3.00
                            </p>
                            <p
                              class="styled__StyledFootnote-sc-119w3hf-7 icrlVF styled__Subtext-sc-8qlq5b-2 bNJmdc beans-price__subtext"
                            >
                              £2.86/100g DR.WT
                            </p>
                          </div>
                          <div
                            class="base-components__RootElement-sc-1mosoyj-1 styled__Container-vtxwzb-0 jptQqM bDFhXJ beans-buybox__actions beans-quantity-controls__container"
                          >
                            <div
                              class="base-components__RootElement-sc-1mosoyj-1 styled__Container-sc-16t2b2a-0 jptQqM PUfgZ styled__StyledFormGroup-vtxwzb-1 kzKuAr beans-quantity-controls__form-group beans-form-group__container"
                            >
                              <label
                                class="styled__StyledLabel-sc-1ttuvhr-0 izGEjV beans-form-group__label beans-label"
                                for="quantity-controls-302638550"
                                >Quantity controls<!-- -->
                              </label>
                              <div
                                class="base-components__BaseElement-sc-1mosoyj-0 styled__Children-sc-16t2b2a-3 oznwo gdJvjO beans-form-group__children"
                              >
                                <div
                                  class="styled__StyledQuantityControlWrapper-vtxwzb-6 LCxOg"
                                >
                                  <label
                                    id="quantity-controls-302638550-label"
                                    class="styled__VisuallyHiddenLabel-vtxwzb-7 gXlLiM"
                                    >Quantity of Kingfisher Lump Crab
                                    145G</label
                                  >
                                  <div
                                    class="component__Wrapper-sc-1kpmik-3 dReplG input-wrapper"
                                  >
                                    <input
                                      type="number"
                                      class="base-components__RootElement-sc-1mosoyj-1 styled__StyledInput-sc-1jd5f57-0 component__StyledAsInput-sc-1kpmik-4 jptQqM eJLlow styled__StyledInput-vtxwzb-3 lwMHo beans-quantity-controls__input beans-input"
                                      data-auto="beans-quantity-controls-input"
                                      autocomplete="off"
                                      id="quantity-controls-302638550"
                                      maxlength="2"
                                      name="newValue"
                                      aria-labelledby="quantity-controls-302638550-label"
                                      value="1"
                                    />
                                  </div>
                                </div>
                                <button
                                  class="styled__BaseButton-rsekm1-0 styled__PrimaryButton-rsekm1-2 jChbeY geeWOF styled__StyledButton-vtxwzb-5 japAxb beans-quantity-controls__add-button beans-button__container"
                                  type="submit"
                                  data-auto="beans-quantity-controls-add-button"
                                  aria-label="Quantity of Kingfisher Lump Crab 145G"
                                >
                                  <span
                                    class="base-components__BaseElement-sc-1mosoyj-0 styled__InnerContainer-rsekm1-1 oznwo fuFres beans-button__inner-container"
                                    ><span
                                      class="base-components__BaseElement-sc-1mosoyj-0 styled__TextSpan-rsekm1-4 oznwo GDiMp beans-button__text"
                                      >Add</span
                                    ></span
                                  >
                                </button>
                              </div>
                            </div>
                          </div>
                        </div>
                      </div>
                      <input
                        type="hidden"
                        name="_csrf"
                        value="BeMqcJBE-zCJWuNH91oq73jFXs7WkHUAPSZM"
                      />
                    </form>
                  </div>
                </div>
              </div>
            </div>
            <div class="hidden-medium product-info-section-small">
              <div class="product-info-message-list">
                <div class="styled__WhiteBackground-sc-9yzfq2-1 jthPIJ">
                  <svg
                    width="56"
                    height="56"
                    viewBox="0 0 56 56"
                    fill="none"
                    xmlns="http://www.w3.org/2000/svg"
                  >
                    <path
                      d="M47.3812 23.9997C47.3812 36.9128 36.913 47.3809 23.9999 47.3809C11.0869 47.3809 0.618652 36.9128 0.618652 23.9997C0.618652 11.0866 11.0869 0.618412 23.9999 0.618412C36.913 0.618412 47.3812 11.0866 47.3812 23.9997Z"
                      fill="white"
                    ></path>
                    <path
                      d="M47.2669 24.0006C47.2669 36.8253 36.8706 47.2217 24.046 47.2217C11.2214 47.2217 0.73291 36.9173 0.73291 24.0926C0.73291 11.2678 11.2214 0.77932 24.046 0.77932C36.8706 0.77932 47.2669 11.1758 47.2669 24.0006Z"
                      fill="white"
                    ></path>
                    <path
                      d="M40.5112 24.4162H39.8523C39.8519 28.7959 38.0789 32.7545 35.2089 35.6251C32.3383 38.4946 28.3799 40.2678 24.0004 40.268C19.6209 40.2678 15.662 38.4946 12.7914 35.6251C9.92179 32.7545 8.14879 28.7959 8.14848 24.4162C8.14879 20.0367 9.92179 16.0782 12.7914 13.2075C15.662 10.3379 19.6209 8.565 24.0004 8.56473C28.3799 8.565 32.3383 10.3379 35.2089 13.2075C38.0789 16.0782 39.8519 20.0367 39.8523 24.4162H40.5112H41.1701C41.1697 14.9333 33.4831 7.2471 24.0004 7.24669C14.5175 7.2471 6.83099 14.9333 6.83057 24.4162C6.83099 33.8993 14.5175 41.5855 24.0004 41.5859C33.4831 41.5855 41.1697 33.8993 41.1701 24.4162H40.5112Z"
                      fill="#040606"
                    ></path>
                    <path
                      d="M46.5795 24.0003H45.9377C45.9373 30.0604 43.483 35.5404 39.5122 39.5124C35.5401 43.4833 30.06 45.9373 24.0003 45.9377C17.9403 45.9373 12.4601 43.4833 8.48825 39.5124C4.51756 35.5404 2.06321 30.0604 2.06284 24.0003C2.06321 17.9406 4.51756 12.4603 8.48825 8.48857C12.4601 4.51752 17.9403 2.06367 24.0003 2.06327C30.06 2.06367 35.5401 4.51752 39.5122 8.48857C43.483 12.4603 45.9373 17.9406 45.9377 24.0003H46.5795H47.2216C47.221 11.1753 36.8253 0.779591 24.0003 0.77932C11.1753 0.779591 0.779601 11.1753 0.778809 24.0003C0.779601 36.8256 11.1753 47.2214 24.0003 47.2217C36.8253 47.2214 47.221 36.8256 47.2216 24.0003H46.5795Z"
                      fill="#EE2742"
                    ></path>
                    <path
                      d="M38.9616 9.03867C42.7926 12.8723 45.158 18.1525 45.1588 23.9999C45.158 29.8475 42.7926 35.1277 38.9615 38.9615C35.1276 42.7928 29.8473 45.1577 24.0001 45.1585C18.1525 45.1577 12.8723 42.7928 9.03866 38.9613C5.20759 35.1277 2.84225 29.8475 2.84141 23.9999C2.84225 18.1525 5.20759 12.8723 9.03882 9.03867C12.8723 5.20738 18.1525 2.84242 24.0003 2.84161C29.8473 2.84242 35.1275 5.20738 38.9616 9.03867ZM48.0003 23.2212H47.9863C47.574 10.3265 36.9948 0.000953421 24.0001 0.000141651C10.7448 0.00108872 0.00126839 10.7446 0 23.9999C0.00126839 37.2556 10.7448 47.999 24.0001 48C36.9948 47.9992 47.574 37.6736 47.9863 24.7785H48.0003V24.0019C48.0003 24.0012 48.0003 24.0005 48.0003 24V23.2212Z"
                      fill="#EE2742"
                    ></path>
                    <path
                      d="M43.7523 30.792H10.9861L10.5169 29.0828H4.30322V18.3235H43.7523V30.792Z"
                      fill="white"
                    ></path>
                    <path
                      d="M18.3762 17.2768H20.8701V18.2578H17.3135V12.5344H18.3762V17.2768Z"
                      fill="#040606"
                    ></path>
                    <path
                      d="M22.3756 17.0477C22.5852 17.277 22.8593 17.3912 23.1974 17.3912C23.5353 17.3912 23.8092 17.277 24.019 17.0477C24.2289 16.819 24.3337 16.5195 24.3337 16.1485C24.3337 15.7778 24.2289 15.478 24.019 15.2491C23.8092 15.0201 23.5353 14.9056 23.1974 14.9056C22.8593 14.9056 22.5852 15.0201 22.3756 15.2491C22.1658 15.478 22.0609 15.7778 22.0609 16.1485C22.0609 16.5195 22.1658 16.819 22.3756 17.0477ZM21.3004 15.0325C21.4802 14.7027 21.735 14.4438 22.065 14.2557C22.3947 14.0677 22.7721 13.9736 23.1974 13.9736C23.6225 13.9736 23.9999 14.0677 24.3297 14.2557C24.6594 14.4438 24.9141 14.7027 25.0943 15.0325C25.2742 15.3623 25.3639 15.7344 25.3639 16.1485C25.3639 16.5628 25.2742 16.9348 25.0943 17.2646C24.9141 17.5944 24.6594 17.8532 24.3297 18.0414C23.9999 18.2295 23.6225 18.3232 23.1974 18.3232C22.7721 18.3232 22.3947 18.2295 22.065 18.0414C21.735 17.8532 21.4802 17.5944 21.3004 17.2646C21.1205 16.9348 21.0308 16.5628 21.0308 16.1485C21.0308 15.7344 21.1205 15.3623 21.3004 15.0325Z"
                      fill="#040606"
                    ></path>
                    <path
                      d="M30.1263 18.2578H29.145L28.4339 15.4943L27.7225 18.2578H26.7411L25.4248 14.039H26.4141L27.2153 16.8024L27.9431 14.039H28.9245L29.6522 16.8024L30.4533 14.039H31.4426L30.1263 18.2578Z"
                      fill="#040606"
                    ></path>
                    <path
                      d="M18.0825 33.0868C18.2357 32.9529 18.3121 32.7552 18.3121 32.4933C18.3121 32.2312 18.2357 32.0335 18.0825 31.8996C17.9301 31.7658 17.7224 31.6994 17.4605 31.6994H16.5027V33.287H17.4605C17.7224 33.287 17.9301 33.2206 18.0825 33.0868ZM16.5027 36.4473H15.4385V30.7164H17.5426C17.9244 30.7164 18.2548 30.7944 18.5331 30.95C18.8114 31.1058 19.0243 31.3182 19.1715 31.5886C19.319 31.8587 19.3923 32.1602 19.3923 32.4933C19.3923 32.826 19.319 33.1278 19.1715 33.3979C19.0243 33.6678 18.8114 33.8807 18.5331 34.0362C18.2548 34.1918 17.9244 34.2697 17.5426 34.2697H16.5027V36.4473Z"
                      fill="#040606"
                    ></path>
                    <path
                      d="M19.8657 32.2232H20.881V32.8617C21.0007 32.6323 21.17 32.4578 21.3886 32.3378C21.6068 32.2175 21.8498 32.1576 22.117 32.1576C22.3953 32.1576 22.6137 32.2201 22.7721 32.3457L22.4281 33.2055C22.2859 33.1289 22.1361 33.0906 21.9779 33.0906C21.6611 33.0906 21.3992 33.2275 21.192 33.5C20.9847 33.773 20.881 34.1931 20.881 34.7609V36.4473H19.8657V32.2232Z"
                      fill="#040606"
                    ></path>
                    <path
                      d="M24.176 36.4473H23.1607V32.2232H24.176V36.4473ZM23.2019 30.7412C23.3273 30.6156 23.4829 30.5529 23.6684 30.5529C23.8536 30.5529 24.0094 30.6156 24.135 30.7412C24.2604 30.8669 24.3232 31.0222 24.3232 31.2077C24.3232 31.3936 24.2604 31.5488 24.135 31.6746C24.0094 31.8 23.8536 31.8628 23.6684 31.8628C23.4829 31.8628 23.3273 31.8 23.2019 31.6746C23.0764 31.5488 23.0137 31.3936 23.0137 31.2077C23.0137 31.0222 23.0764 30.8669 23.2019 30.7412Z"
                      fill="#040606"
                    ></path>
                    <path
                      d="M25.8191 36.2343C25.4966 36.0492 25.2462 35.7915 25.0659 35.4611C24.8857 35.1309 24.7959 34.7557 24.7959 34.3352C24.7959 33.9151 24.8857 33.5396 25.0659 33.2096C25.2462 32.8794 25.4966 32.6214 25.8191 32.4359C26.1407 32.2504 26.5095 32.1577 26.9241 32.1577C27.8628 32.1577 28.4985 32.5424 28.8316 33.3121L27.9066 33.7294C27.6939 33.3035 27.3662 33.0907 26.9241 33.0907C26.6076 33.0907 26.3457 33.2056 26.138 33.4348C25.9309 33.6635 25.8271 33.964 25.8271 34.3352C25.8271 34.7065 25.9309 35.0066 26.138 35.2355C26.3457 35.4651 26.6076 35.5796 26.9241 35.5796C27.3662 35.5796 27.6939 35.3667 27.9066 34.9413L28.8316 35.3588C28.4985 36.1282 27.8628 36.5127 26.9241 36.5127C26.5095 36.5127 26.1407 36.4202 25.8191 36.2343Z"
                      fill="#040606"
                    ></path>
                    <path
                      d="M32.1759 33.8603C32.1377 33.6203 32.0274 33.4238 31.8445 33.2713C31.6617 33.118 31.4312 33.0416 31.1528 33.0416C30.9178 33.0416 30.7076 33.1142 30.5225 33.2587C30.3369 33.4032 30.2084 33.604 30.1373 33.8603H32.1759ZM33.216 34.6624H30.0966C30.151 34.9734 30.2791 35.21 30.4814 35.371C30.6832 35.5321 30.9289 35.6123 31.2182 35.6123C31.4582 35.6123 31.6586 35.5621 31.8197 35.4611C31.981 35.3597 32.1351 35.2059 32.2824 34.9982L33.1422 35.4651C32.9345 35.8037 32.6714 36.0625 32.3517 36.2427C32.0327 36.4226 31.6357 36.5127 31.1608 36.5127C30.7133 36.5127 30.3297 36.4082 30.0106 36.1979C29.6913 35.9875 29.4525 35.7161 29.2943 35.383C29.1359 35.0503 29.0571 34.7009 29.0571 34.3352C29.0571 33.9697 29.1399 33.6203 29.3065 33.2872C29.473 32.9545 29.7145 32.6831 30.0313 32.4728C30.3476 32.2626 30.7217 32.1577 31.1528 32.1577C31.5889 32.1577 31.9631 32.2557 32.2742 32.4523C32.5852 32.6488 32.8197 32.9067 32.9782 33.226C33.1365 33.545 33.216 33.8849 33.216 34.2453V34.6624Z"
                      fill="#040606"
                    ></path>
                    <path
                      d="M9.13617 21.298H6.03734V22.8016H8.52242V24.0285H6.03734V26.0024H9.23843V27.2295H4.70801V20.0709H9.13617V21.298Z"
                      fill="#040606"
                    ></path>
                    <path
                      d="M9.25439 21.9527H10.5327L11.7802 25.4808L13.0281 21.9527H14.3065L12.3532 27.2295H11.2076L9.25439 21.9527Z"
                      fill="#040606"
                    ></path>
                    <path
                      d="M18.1491 23.9973C18.1012 23.6974 17.963 23.4521 17.7347 23.261C17.5062 23.0701 17.2182 22.9747 16.8707 22.9747C16.5772 22.9747 16.3147 23.065 16.0828 23.2456C15.8514 23.4262 15.6909 23.6768 15.6023 23.9973H18.1491ZM19.4475 24.9994H15.5513C15.6193 25.3881 15.7795 25.6829 16.032 25.884C16.284 26.0852 16.5909 26.186 16.9524 26.186C17.2521 26.186 17.5026 26.1228 17.7037 25.9966C17.9049 25.8703 18.0977 25.6779 18.2817 25.4187L19.3555 26.0018C19.0961 26.4242 18.7676 26.7483 18.3688 26.9734C17.9699 27.1981 17.4737 27.3105 16.8807 27.3105C16.3216 27.3105 15.8426 27.1794 15.4437 26.9167C15.0453 26.6544 14.7468 26.3152 14.5491 25.8993C14.3513 25.4837 14.2524 25.0473 14.2524 24.5906C14.2524 24.1337 14.3562 23.6974 14.5643 23.2816C14.7722 22.8656 15.0741 22.5264 15.4696 22.264C15.865 22.0016 16.3319 21.8703 16.8707 21.8703C17.4159 21.8703 17.8828 21.993 18.2715 22.2385C18.6601 22.4839 18.9531 22.8059 19.1509 23.2047C19.3486 23.6036 19.4475 24.028 19.4475 24.478V24.9994Z"
                      fill="#040606"
                    ></path>
                    <path
                      d="M20.1338 21.9527H21.4018V22.7501C21.5515 22.4639 21.7634 22.2458 22.036 22.0959C22.3087 21.9458 22.612 21.8709 22.9463 21.8709C23.2937 21.8709 23.5665 21.9492 23.7642 22.1059L23.3349 23.1797C23.1574 23.0845 22.9698 23.0366 22.772 23.0366C22.3767 23.0366 22.0497 23.207 21.7903 23.5478C21.5315 23.8889 21.4018 24.4139 21.4018 25.1227V27.2295H20.1338V21.9527Z"
                      fill="#040606"
                    ></path>
                    <path
                      d="M25.7172 26.9022L23.8047 21.9528H25.0831L26.3206 25.3068L27.4865 21.9528H28.7545L26.0545 29.3154H24.8275L25.7172 26.9022Z"
                      fill="#040606"
                    ></path>
                    <path
                      d="M32.1759 25.7254C32.4245 25.446 32.5493 25.0676 32.5493 24.5906C32.5493 24.1133 32.4245 23.735 32.1759 23.4553C31.9268 23.1759 31.6152 23.036 31.2402 23.036C30.865 23.036 30.5531 23.1759 30.3045 23.4553C30.0554 23.735 29.9311 24.1133 29.9311 24.5906C29.9311 25.0676 30.0554 25.446 30.3045 25.7254C30.5531 26.0054 30.865 26.1448 31.2402 26.1448C31.6152 26.1448 31.9268 26.0054 32.1759 25.7254ZM29.7573 26.9631C29.403 26.7312 29.125 26.4072 28.9239 25.9916C28.7227 25.5757 28.6221 25.1086 28.6221 24.5906C28.6221 24.0656 28.7192 23.5968 28.9136 23.1845C29.1081 22.7719 29.3789 22.4498 29.727 22.2179C30.0745 21.9864 30.4733 21.8703 30.9232 21.8703C31.2775 21.8703 31.5877 21.9335 31.8535 22.0596C32.1196 22.1857 32.3243 22.3646 32.4673 22.5963V19.9886H33.7353V27.229H32.4673V26.5947C32.317 26.8062 32.1128 26.9783 31.8535 27.1111C31.5945 27.2441 31.2878 27.3105 30.9335 27.3105C30.5042 27.3105 30.1117 27.1947 29.7573 26.9631Z"
                      fill="#040606"
                    ></path>
                    <path
                      d="M37.3676 25.9197C37.603 25.7151 37.7204 25.4631 37.7204 25.1631V25.02H36.7184C36.4252 25.02 36.1916 25.0763 36.0177 25.1887C35.844 25.3011 35.7569 25.4562 35.7569 25.654C35.7569 25.838 35.8201 25.9794 35.9462 26.0784C36.0721 26.1772 36.258 26.2267 36.5037 26.2267C36.8444 26.2267 37.1326 26.1244 37.3676 25.9197ZM35.3272 27.1267C35.0547 27.0038 34.8363 26.8247 34.6729 26.5897C34.5093 26.3544 34.4277 26.073 34.4277 25.746C34.4277 25.2278 34.6219 24.8106 35.0105 24.4933C35.3992 24.1764 35.9241 24.0177 36.5854 24.0177H37.7204V23.8336C37.7204 23.5679 37.6284 23.3549 37.4444 23.1945C37.2603 23.0344 37.0113 22.9542 36.698 22.9542C36.4455 22.9542 36.2173 23.0207 36.0129 23.1536C35.8083 23.2866 35.6546 23.4419 35.5523 23.619L34.5809 23.036C34.7649 22.7021 35.0375 22.4244 35.3992 22.2028C35.7603 21.981 36.1931 21.8703 36.698 21.8703C37.4205 21.8703 37.9827 22.0439 38.385 22.3916C38.7873 22.7395 38.9885 23.2405 38.9885 23.8952V27.229H37.9455L37.7718 26.554C37.6009 26.7859 37.3846 26.97 37.1223 27.1061C36.8595 27.2425 36.5512 27.3105 36.1969 27.3105C35.8899 27.3105 35.6003 27.2494 35.3272 27.1267Z"
                      fill="#040606"
                    ></path>
                    <path
                      d="M40.9395 26.9022L39.0273 21.9528H40.3056L41.5429 25.3068L42.7087 21.9528H43.9767L41.2772 29.3154H40.0498L40.9395 26.9022Z"
                      fill="#040606"
                    ></path>
                  </svg>
                  <p
                    class="styled__StyledBodyText-sc-119w3hf-5 ggtTyf styled__DarkGreyBodyText-sc-9yzfq2-2 lmkdDf"
                  >
                    Low Everyday Price
                  </p>
                </div>
              </div>
            </div>
          </div>
        </div>
      </div>
    </div>
  </li>
  <li class="product-list--list-item">
    <div class="styles__StyledVerticalTileWrapper-dvv1wj-0 dtCNPH">
      <div
        data-auto="product-tile"
        data-auto-type="Quantity"
        data-auto-available="true"
        data-auto-is-restricted-disabled="false"
        data-auto-is-substitute="false"
        class="styles__StyledVerticalTile-dvv1wj-1 gSCsYK"
      >
        <div class="styles__StyledTileContentWrapper-dvv1wj-2 bkNhNP beans">
          <div
            id="tile-297648770"
            data-auto-id="297648770"
            class="styles__StyledTiledContent-dvv1wj-3 bcglTg"
          >
            <a
              href="/groceries/en-GB/products/297648770"
              aria-hidden="true"
              class="product-image-wrapper"
              tabindex="1"
              ><div class="product-image__container">
                <picture
                  ><img
                    class="styled__Image-sjvkdn-0 bJErKA product-image beans-responsive-image__image"
                    src="https://digitalcontent.api.tesco.com/v2/media/ghs/c2957a18-8fc6-4a1d-8ddf-4de7b461c4e4/29eab9ca-c347-402b-9939-581d33e4ddf7.jpeg?h=225&amp;w=225"
                    srcset="
                      https://digitalcontent.api.tesco.com/v2/media/ghs/c2957a18-8fc6-4a1d-8ddf-4de7b461c4e4/29eab9ca-c347-402b-9939-581d33e4ddf7.jpeg?h=225&amp;w=225  768w,
                      https://digitalcontent.api.tesco.com/v2/media/ghs/c2957a18-8fc6-4a1d-8ddf-4de7b461c4e4/29eab9ca-c347-402b-9939-581d33e4ddf7.jpeg?h=225&amp;w=225 4000w
                    "
                    alt="Tesco Squid Raw Prepared 300G"
                /></picture></div
            ></a>
            <div class="product-details--wrapper">
              <h3 class="styles__H3-oa5soe-0 bCKNNq">
                <a
                  href="/groceries/en-GB/products/297648770"
                  class="styled__Anchor-sc-1xbujuz-0 csVOnh beans-link__anchor"
                  data-auto="product-tile--title"
                  ><span
                    class="styled__Text-sc-1xbujuz-1 ldbwMG beans-link__text"
                    >Tesco Squid Raw Prepared 300G</span
                  ></a
                >
              </h3>
              <div
                class="styles__StyledPromotionsAboveMobile-dvv1wj-7 iPTMuo"
              ></div>
              <div class="styles__StyledProductDetailsContent-dvv1wj-5 ddRSrq">
                <a
                  href="/groceries/en-GB/reviews/submission/297648770?from=%2Fsearch%3Fquery%3Dseafood"
                  aria-label="Write a review for Tesco Squid Raw Prepared 300G"
                  class="styled__Anchor-sc-1xbujuz-0 jSzuDt write-a-review-link beans-link__anchor"
                  data-auto="review-link"
                  ><span
                    class="styled__Text-sc-1xbujuz-1 fyDIEo beans-link__text"
                    >Write a review</span
                  ><span
                    class="styled__IconContainer-sc-1xbujuz-2 bSauSL beans-link__icon-container"
                    ><svg
                      aria-hidden="true"
                      class="styled__SVG-xxa4wh-1 hQMCqc beans-link__icon beans-icon__svg"
                      height="13.33"
                      preserveAspectRatio="xMinYMax meet"
                      viewBox="-1 0 12 20"
                      width="8"
                      xmlns="http://www.w3.org/2000/svg"
                      color="currentColor"
                    >
                      <path
                        d="M1.312 1.348L10.276 10l-8.964 8.644"
                        fill="none"
                        stroke="currentColor"
                      ></path></svg></span
                ></a>
                <div>
                  <a
                    href="/groceries/en-GB/shop/frozen-food/frozen-fish-and-seafood/frozen-seafood-and-shellfish/frozen-seafood-and-shellfish"
                    class="styled__Anchor-sc-1xbujuz-0 jSzuDt rest-of-shelf-link beans-link__anchor"
                    data-auto="rest-of-shelf-link"
                    ><span
                      class="styled__Text-sc-1xbujuz-1 fyDIEo beans-link__text"
                      >Rest of
                      <span class="visually-hidden"
                        >Frozen Seafood &amp; Shellfish</span
                      >
                      shelf</span
                    ><span
                      class="styled__IconContainer-sc-1xbujuz-2 bSauSL beans-link__icon-container"
                      ><svg
                        aria-hidden="true"
                        class="styled__SVG-xxa4wh-1 hQMCqc beans-link__icon beans-icon__svg"
                        height="13.33"
                        preserveAspectRatio="xMinYMax meet"
                        viewBox="-1 0 12 20"
                        width="8"
                        xmlns="http://www.w3.org/2000/svg"
                        color="currentColor"
                      >
                        <path
                          d="M1.312 1.348L10.276 10l-8.964 8.644"
                          fill="none"
                          stroke="currentColor"
                        ></path></svg></span
                  ></a>
                </div>
                <div class="product-info-message-section">
                  <div class="product-info-message-list"></div>
                </div>
              </div>
              <div class="styles__StyledBuyBoxWrapper-dvv1wj-4 dSvjUC">
                <div
                  class="styles__StyledBuyBoxContainer-sc-1wx0qp6-0 erryje"
                  data-auto="buybox-container"
                >
                  <div class="styles__SafeFormWrapper-jtpu2t-0 lcrYKS">
                    <form
                      action="/groceries/en-GB/trolley/items/297648770?_method=PUT"
                      method="POST"
                    >
                      <input type="submit" class="hidden" /><input
                        type="hidden"
                        name="id"
                        value="297648770"
                      /><input
                        type="hidden"
                        name="identifier"
                        value="Page"
                      /><input
                        type="hidden"
                        name="anchorId"
                        value="#tile-297648770"
                      /><input
                        type="hidden"
                        name="returnUrl"
                        value="/groceries/en-GB/search?query=seafood&amp;redirectIfUnavailable=true#tile-297648770"
                      /><input type="hidden" name="backToUrl" value="#" /><input
                        type="hidden"
                        name="oldValue"
                        value="0"
                      /><input
                        type="hidden"
                        name="oldUnitChoice"
                        value="pcs"
                      /><input type="hidden" name="newUnitChoice" value="pcs" />
                      <div
                        class="base-components__RootElement-sc-1mosoyj-1 styled__Container-sc-6nhkzi-0 jptQqM hSNpTb beans-buybox__container"
                      >
                        <div
                          class="base-components__BaseElement-sc-1mosoyj-0 styled__PriceAndActions-sc-6nhkzi-3 oznwo eEPLov beans-buybox__price-and-actions"
                        >
                          <div
                            class="base-components__RootElement-sc-1mosoyj-1 styled__Container-sc-8qlq5b-0 jptQqM bgZrjw styled__StyledPrice-sc-6nhkzi-5 iYHeik beans-buybox__price beans-price__container"
                          >
                            <p
                              class="styled__StyledHeading-sc-119w3hf-2 jWPEtj styled__Text-sc-8qlq5b-1 lnaeiZ beans-price__text"
                            >
                              £3.65
                            </p>
                            <p
                              class="styled__StyledFootnote-sc-119w3hf-7 icrlVF styled__Subtext-sc-8qlq5b-2 bNJmdc beans-price__subtext"
                            >
                              £12.17/kg
                            </p>
                          </div>
                          <div
                            class="base-components__RootElement-sc-1mosoyj-1 styled__Container-vtxwzb-0 jptQqM bDFhXJ beans-buybox__actions beans-quantity-controls__container"
                          >
                            <div
                              class="base-components__RootElement-sc-1mosoyj-1 styled__Container-sc-16t2b2a-0 jptQqM PUfgZ styled__StyledFormGroup-vtxwzb-1 kzKuAr beans-quantity-controls__form-group beans-form-group__container"
                            >
                              <label
                                class="styled__StyledLabel-sc-1ttuvhr-0 izGEjV beans-form-group__label beans-label"
                                for="quantity-controls-297648770"
                                >Quantity controls<!-- -->
                              </label>
                              <div
                                class="base-components__BaseElement-sc-1mosoyj-0 styled__Children-sc-16t2b2a-3 oznwo gdJvjO beans-form-group__children"
                              >
                                <div
                                  class="styled__StyledQuantityControlWrapper-vtxwzb-6 LCxOg"
                                >
                                  <label
                                    id="quantity-controls-297648770-label"
                                    class="styled__VisuallyHiddenLabel-vtxwzb-7 gXlLiM"
                                    >Quantity of Tesco Squid Raw Prepared
                                    300G</label
                                  >
                                  <div
                                    class="component__Wrapper-sc-1kpmik-3 dReplG input-wrapper"
                                  >
                                    <input
                                      type="number"
                                      class="base-components__RootElement-sc-1mosoyj-1 styled__StyledInput-sc-1jd5f57-0 component__StyledAsInput-sc-1kpmik-4 jptQqM eJLlow styled__StyledInput-vtxwzb-3 lwMHo beans-quantity-controls__input beans-input"
                                      data-auto="beans-quantity-controls-input"
                                      autocomplete="off"
                                      id="quantity-controls-297648770"
                                      maxlength="2"
                                      name="newValue"
                                      aria-labelledby="quantity-controls-297648770-label"
                                      value="1"
                                    />
                                  </div>
                                </div>
                                <button
                                  class="styled__BaseButton-rsekm1-0 styled__PrimaryButton-rsekm1-2 jChbeY geeWOF styled__StyledButton-vtxwzb-5 japAxb beans-quantity-controls__add-button beans-button__container"
                                  type="submit"
                                  data-auto="beans-quantity-controls-add-button"
                                  aria-label="Quantity of Tesco Squid Raw Prepared 300G"
                                >
                                  <span
                                    class="base-components__BaseElement-sc-1mosoyj-0 styled__InnerContainer-rsekm1-1 oznwo fuFres beans-button__inner-container"
                                    ><span
                                      class="base-components__BaseElement-sc-1mosoyj-0 styled__TextSpan-rsekm1-4 oznwo GDiMp beans-button__text"
                                      >Add</span
                                    ></span
                                  >
                                </button>
                              </div>
                            </div>
                          </div>
                        </div>
                      </div>
                      <input
                        type="hidden"
                        name="_csrf"
                        value="BeMqcJBE-zCJWuNH91oq73jFXs7WkHUAPSZM"
                      />
                    </form>
                  </div>
                </div>
              </div>
            </div>
            <div class="hidden-medium product-info-section-small">
              <div class="product-info-message-list"></div>
            </div>
          </div>
        </div>
      </div>
    </div>
  </li>
  <li class="product-list--list-item">
    <div class="styles__StyledVerticalTileWrapper-dvv1wj-0 dtCNPH">
      <div
        data-auto="product-tile"
        data-auto-type="Quantity"
        data-auto-available="true"
        data-auto-is-restricted-disabled="false"
        data-auto-is-substitute="false"
        class="styles__StyledVerticalTile-dvv1wj-1 gSCsYK"
      >
        <div class="styles__StyledTileContentWrapper-dvv1wj-2 bkNhNP beans">
          <div
            id="tile-297648401"
            data-auto-id="297648401"
            class="styles__StyledTiledContent-dvv1wj-3 bcglTg"
          >
            <a
              href="/groceries/en-GB/products/297648401"
              aria-hidden="true"
              class="product-image-wrapper"
              tabindex="1"
              ><div class="product-image__container">
                <picture
                  ><img
                    class="styled__Image-sjvkdn-0 bJErKA product-image beans-responsive-image__image"
                    src="https://digitalcontent.api.tesco.com/v2/media/ghs/434e3823-72c7-4990-9312-52871b57224b/a1ff2b4d-1568-4211-871a-ff429ecfb92b.jpeg?h=225&amp;w=225"
                    srcset="
                      https://digitalcontent.api.tesco.com/v2/media/ghs/434e3823-72c7-4990-9312-52871b57224b/a1ff2b4d-1568-4211-871a-ff429ecfb92b.jpeg?h=225&amp;w=225  768w,
                      https://digitalcontent.api.tesco.com/v2/media/ghs/434e3823-72c7-4990-9312-52871b57224b/a1ff2b4d-1568-4211-871a-ff429ecfb92b.jpeg?h=225&amp;w=225 4000w
                    "
                    alt="Tesco Frozen Cooked Mussels 500G"
                /></picture></div
            ></a>
            <div class="product-details--wrapper">
              <h3 class="styles__H3-oa5soe-0 bCKNNq">
                <a
                  href="/groceries/en-GB/products/297648401"
                  class="styled__Anchor-sc-1xbujuz-0 csVOnh beans-link__anchor"
                  data-auto="product-tile--title"
                  ><span
                    class="styled__Text-sc-1xbujuz-1 ldbwMG beans-link__text"
                    >Tesco Frozen Cooked Mussels 500G</span
                  ></a
                >
              </h3>
              <div
                class="styles__StyledPromotionsAboveMobile-dvv1wj-7 iPTMuo"
              ></div>
              <div class="styles__StyledProductDetailsContent-dvv1wj-5 ddRSrq">
                <a
                  href="/groceries/en-GB/reviews/submission/297648401?from=%2Fsearch%3Fquery%3Dseafood"
                  aria-label="Write a review for Tesco Frozen Cooked Mussels 500G"
                  class="styled__Anchor-sc-1xbujuz-0 jSzuDt write-a-review-link beans-link__anchor"
                  data-auto="review-link"
                  ><span
                    class="styled__Text-sc-1xbujuz-1 fyDIEo beans-link__text"
                    >Write a review</span
                  ><span
                    class="styled__IconContainer-sc-1xbujuz-2 bSauSL beans-link__icon-container"
                    ><svg
                      aria-hidden="true"
                      class="styled__SVG-xxa4wh-1 hQMCqc beans-link__icon beans-icon__svg"
                      height="13.33"
                      preserveAspectRatio="xMinYMax meet"
                      viewBox="-1 0 12 20"
                      width="8"
                      xmlns="http://www.w3.org/2000/svg"
                      color="currentColor"
                    >
                      <path
                        d="M1.312 1.348L10.276 10l-8.964 8.644"
                        fill="none"
                        stroke="currentColor"
                      ></path></svg></span
                ></a>
                <div>
                  <a
                    href="/groceries/en-GB/shop/frozen-food/frozen-fish-and-seafood/frozen-seafood-and-shellfish/frozen-seafood-and-shellfish"
                    class="styled__Anchor-sc-1xbujuz-0 jSzuDt rest-of-shelf-link beans-link__anchor"
                    data-auto="rest-of-shelf-link"
                    ><span
                      class="styled__Text-sc-1xbujuz-1 fyDIEo beans-link__text"
                      >Rest of
                      <span class="visually-hidden"
                        >Frozen Seafood &amp; Shellfish</span
                      >
                      shelf</span
                    ><span
                      class="styled__IconContainer-sc-1xbujuz-2 bSauSL beans-link__icon-container"
                      ><svg
                        aria-hidden="true"
                        class="styled__SVG-xxa4wh-1 hQMCqc beans-link__icon beans-icon__svg"
                        height="13.33"
                        preserveAspectRatio="xMinYMax meet"
                        viewBox="-1 0 12 20"
                        width="8"
                        xmlns="http://www.w3.org/2000/svg"
                        color="currentColor"
                      >
                        <path
                          d="M1.312 1.348L10.276 10l-8.964 8.644"
                          fill="none"
                          stroke="currentColor"
                        ></path></svg></span
                  ></a>
                </div>
                <div class="product-info-message-section">
                  <div class="product-info-message-list"></div>
                </div>
              </div>
              <div class="styles__StyledBuyBoxWrapper-dvv1wj-4 dSvjUC">
                <div
                  class="styles__StyledBuyBoxContainer-sc-1wx0qp6-0 erryje"
                  data-auto="buybox-container"
                >
                  <div class="styles__SafeFormWrapper-jtpu2t-0 lcrYKS">
                    <form
                      action="/groceries/en-GB/trolley/items/297648401?_method=PUT"
                      method="POST"
                    >
                      <input type="submit" class="hidden" /><input
                        type="hidden"
                        name="id"
                        value="297648401"
                      /><input
                        type="hidden"
                        name="identifier"
                        value="Page"
                      /><input
                        type="hidden"
                        name="anchorId"
                        value="#tile-297648401"
                      /><input
                        type="hidden"
                        name="returnUrl"
                        value="/groceries/en-GB/search?query=seafood&amp;redirectIfUnavailable=true#tile-297648401"
                      /><input type="hidden" name="backToUrl" value="#" /><input
                        type="hidden"
                        name="oldValue"
                        value="0"
                      /><input
                        type="hidden"
                        name="oldUnitChoice"
                        value="pcs"
                      /><input type="hidden" name="newUnitChoice" value="pcs" />
                      <div
                        class="base-components__RootElement-sc-1mosoyj-1 styled__Container-sc-6nhkzi-0 jptQqM hSNpTb beans-buybox__container"
                      >
                        <div
                          class="base-components__BaseElement-sc-1mosoyj-0 styled__PriceAndActions-sc-6nhkzi-3 oznwo eEPLov beans-buybox__price-and-actions"
                        >
                          <div
                            class="base-components__RootElement-sc-1mosoyj-1 styled__Container-sc-8qlq5b-0 jptQqM bgZrjw styled__StyledPrice-sc-6nhkzi-5 iYHeik beans-buybox__price beans-price__container"
                          >
                            <p
                              class="styled__StyledHeading-sc-119w3hf-2 jWPEtj styled__Text-sc-8qlq5b-1 lnaeiZ beans-price__text"
                            >
                              £3.75
                            </p>
                            <p
                              class="styled__StyledFootnote-sc-119w3hf-7 icrlVF styled__Subtext-sc-8qlq5b-2 bNJmdc beans-price__subtext"
                            >
                              £0.75/100g
                            </p>
                          </div>
                          <div
                            class="base-components__RootElement-sc-1mosoyj-1 styled__Container-vtxwzb-0 jptQqM bDFhXJ beans-buybox__actions beans-quantity-controls__container"
                          >
                            <div
                              class="base-components__RootElement-sc-1mosoyj-1 styled__Container-sc-16t2b2a-0 jptQqM PUfgZ styled__StyledFormGroup-vtxwzb-1 kzKuAr beans-quantity-controls__form-group beans-form-group__container"
                            >
                              <label
                                class="styled__StyledLabel-sc-1ttuvhr-0 izGEjV beans-form-group__label beans-label"
                                for="quantity-controls-297648401"
                                >Quantity controls<!-- -->
                              </label>
                              <div
                                class="base-components__BaseElement-sc-1mosoyj-0 styled__Children-sc-16t2b2a-3 oznwo gdJvjO beans-form-group__children"
                              >
                                <div
                                  class="styled__StyledQuantityControlWrapper-vtxwzb-6 LCxOg"
                                >
                                  <label
                                    id="quantity-controls-297648401-label"
                                    class="styled__VisuallyHiddenLabel-vtxwzb-7 gXlLiM"
                                    >Quantity of Tesco Frozen Cooked Mussels
                                    500G</label
                                  >
                                  <div
                                    class="component__Wrapper-sc-1kpmik-3 dReplG input-wrapper"
                                  >
                                    <input
                                      type="number"
                                      class="base-components__RootElement-sc-1mosoyj-1 styled__StyledInput-sc-1jd5f57-0 component__StyledAsInput-sc-1kpmik-4 jptQqM eJLlow styled__StyledInput-vtxwzb-3 lwMHo beans-quantity-controls__input beans-input"
                                      data-auto="beans-quantity-controls-input"
                                      autocomplete="off"
                                      id="quantity-controls-297648401"
                                      maxlength="2"
                                      name="newValue"
                                      aria-labelledby="quantity-controls-297648401-label"
                                      value="1"
                                    />
                                  </div>
                                </div>
                                <button
                                  class="styled__BaseButton-rsekm1-0 styled__PrimaryButton-rsekm1-2 jChbeY geeWOF styled__StyledButton-vtxwzb-5 japAxb beans-quantity-controls__add-button beans-button__container"
                                  type="submit"
                                  data-auto="beans-quantity-controls-add-button"
                                  aria-label="Quantity of Tesco Frozen Cooked Mussels 500G"
                                >
                                  <span
                                    class="base-components__BaseElement-sc-1mosoyj-0 styled__InnerContainer-rsekm1-1 oznwo fuFres beans-button__inner-container"
                                    ><span
                                      class="base-components__BaseElement-sc-1mosoyj-0 styled__TextSpan-rsekm1-4 oznwo GDiMp beans-button__text"
                                      >Add</span
                                    ></span
                                  >
                                </button>
                              </div>
                            </div>
                          </div>
                        </div>
                      </div>
                      <input
                        type="hidden"
                        name="_csrf"
                        value="BeMqcJBE-zCJWuNH91oq73jFXs7WkHUAPSZM"
                      />
                    </form>
                  </div>
                </div>
              </div>
            </div>
            <div class="hidden-medium product-info-section-small">
              <div class="product-info-message-list"></div>
            </div>
          </div>
        </div>
      </div>
    </div>
  </li>
  <li class="product-list--list-item">
    <div class="styles__StyledVerticalTileWrapper-dvv1wj-0 dtCNPH">
      <div
        data-auto="product-tile"
        data-auto-type="Quantity"
        data-auto-available="true"
        data-auto-is-restricted-disabled="false"
        data-auto-is-substitute="false"
        class="styles__StyledVerticalTile-dvv1wj-1 gSCsYK"
      >
        <div class="styles__StyledTileContentWrapper-dvv1wj-2 bkNhNP beans">
          <div
            id="tile-304379363"
            data-auto-id="304379363"
            class="styles__StyledTiledContent-dvv1wj-3 bcglTg"
          >
            <a
              href="/groceries/en-GB/products/304379363"
              aria-hidden="true"
              class="product-image-wrapper"
              tabindex="1"
              ><div class="product-image__container">
                <picture
                  ><img
                    class="styled__Image-sjvkdn-0 bJErKA product-image beans-responsive-image__image"
                    src="https://digitalcontent.api.tesco.com/v2/media/ghs/af28ebda-9e33-4e0b-aed8-be5406674519/08ac9200-9904-4a76-9f4b-4df34cb77beb.jpeg?h=225&amp;w=225"
                    srcset="
                      https://digitalcontent.api.tesco.com/v2/media/ghs/af28ebda-9e33-4e0b-aed8-be5406674519/08ac9200-9904-4a76-9f4b-4df34cb77beb.jpeg?h=225&amp;w=225  768w,
                      https://digitalcontent.api.tesco.com/v2/media/ghs/af28ebda-9e33-4e0b-aed8-be5406674519/08ac9200-9904-4a76-9f4b-4df34cb77beb.jpeg?h=225&amp;w=225 4000w
                    "
                    alt="Tesco Langoustines 500G"
                /></picture></div
            ></a>
            <div class="product-details--wrapper">
              <h3 class="styles__H3-oa5soe-0 bCKNNq">
                <a
                  href="/groceries/en-GB/products/304379363"
                  class="styled__Anchor-sc-1xbujuz-0 csVOnh beans-link__anchor"
                  data-auto="product-tile--title"
                  ><span
                    class="styled__Text-sc-1xbujuz-1 ldbwMG beans-link__text"
                    >Tesco Langoustines 500G</span
                  ></a
                >
              </h3>
              <div
                class="styles__StyledPromotionsAboveMobile-dvv1wj-7 iPTMuo"
              ></div>
              <div class="styles__StyledProductDetailsContent-dvv1wj-5 ddRSrq">
                <a
                  href="/groceries/en-GB/reviews/submission/304379363?from=%2Fsearch%3Fquery%3Dseafood"
                  aria-label="Write a review for Tesco Langoustines 500G"
                  class="styled__Anchor-sc-1xbujuz-0 jSzuDt write-a-review-link beans-link__anchor"
                  data-auto="review-link"
                  ><span
                    class="styled__Text-sc-1xbujuz-1 fyDIEo beans-link__text"
                    >Write a review</span
                  ><span
                    class="styled__IconContainer-sc-1xbujuz-2 bSauSL beans-link__icon-container"
                    ><svg
                      aria-hidden="true"
                      class="styled__SVG-xxa4wh-1 hQMCqc beans-link__icon beans-icon__svg"
                      height="13.33"
                      preserveAspectRatio="xMinYMax meet"
                      viewBox="-1 0 12 20"
                      width="8"
                      xmlns="http://www.w3.org/2000/svg"
                      color="currentColor"
                    >
                      <path
                        d="M1.312 1.348L10.276 10l-8.964 8.644"
                        fill="none"
                        stroke="currentColor"
                      ></path></svg></span
                ></a>
                <div>
                  <a
                    href="/groceries/en-GB/shop/frozen-food/frozen-fish-and-seafood/frozen-seafood-and-shellfish/frozen-seafood-and-shellfish"
                    class="styled__Anchor-sc-1xbujuz-0 jSzuDt rest-of-shelf-link beans-link__anchor"
                    data-auto="rest-of-shelf-link"
                    ><span
                      class="styled__Text-sc-1xbujuz-1 fyDIEo beans-link__text"
                      >Rest of
                      <span class="visually-hidden"
                        >Frozen Seafood &amp; Shellfish</span
                      >
                      shelf</span
                    ><span
                      class="styled__IconContainer-sc-1xbujuz-2 bSauSL beans-link__icon-container"
                      ><svg
                        aria-hidden="true"
                        class="styled__SVG-xxa4wh-1 hQMCqc beans-link__icon beans-icon__svg"
                        height="13.33"
                        preserveAspectRatio="xMinYMax meet"
                        viewBox="-1 0 12 20"
                        width="8"
                        xmlns="http://www.w3.org/2000/svg"
                        color="currentColor"
                      >
                        <path
                          d="M1.312 1.348L10.276 10l-8.964 8.644"
                          fill="none"
                          stroke="currentColor"
                        ></path></svg></span
                  ></a>
                </div>
                <div class="product-info-message-section">
                  <div class="product-info-message-list"></div>
                </div>
              </div>
              <div class="styles__StyledBuyBoxWrapper-dvv1wj-4 dSvjUC">
                <div
                  class="styles__StyledBuyBoxContainer-sc-1wx0qp6-0 erryje"
                  data-auto="buybox-container"
                >
                  <div class="styles__SafeFormWrapper-jtpu2t-0 lcrYKS">
                    <form
                      action="/groceries/en-GB/trolley/items/304379363?_method=PUT"
                      method="POST"
                    >
                      <input type="submit" class="hidden" /><input
                        type="hidden"
                        name="id"
                        value="304379363"
                      /><input
                        type="hidden"
                        name="identifier"
                        value="Page"
                      /><input
                        type="hidden"
                        name="anchorId"
                        value="#tile-304379363"
                      /><input
                        type="hidden"
                        name="returnUrl"
                        value="/groceries/en-GB/search?query=seafood&amp;redirectIfUnavailable=true#tile-304379363"
                      /><input type="hidden" name="backToUrl" value="#" /><input
                        type="hidden"
                        name="oldValue"
                        value="0"
                      /><input
                        type="hidden"
                        name="oldUnitChoice"
                        value="pcs"
                      /><input type="hidden" name="newUnitChoice" value="pcs" />
                      <div
                        class="base-components__RootElement-sc-1mosoyj-1 styled__Container-sc-6nhkzi-0 jptQqM hSNpTb beans-buybox__container"
                      >
                        <div
                          class="base-components__BaseElement-sc-1mosoyj-0 styled__PriceAndActions-sc-6nhkzi-3 oznwo eEPLov beans-buybox__price-and-actions"
                        >
                          <div
                            class="base-components__RootElement-sc-1mosoyj-1 styled__Container-sc-8qlq5b-0 jptQqM bgZrjw styled__StyledPrice-sc-6nhkzi-5 iYHeik beans-buybox__price beans-price__container"
                          >
                            <p
                              class="styled__StyledHeading-sc-119w3hf-2 jWPEtj styled__Text-sc-8qlq5b-1 lnaeiZ beans-price__text"
                            >
                              £8.50
                            </p>
                            <p
                              class="styled__StyledFootnote-sc-119w3hf-7 icrlVF styled__Subtext-sc-8qlq5b-2 bNJmdc beans-price__subtext"
                            >
                              £17.00/kg
                            </p>
                          </div>
                          <div
                            class="base-components__RootElement-sc-1mosoyj-1 styled__Container-vtxwzb-0 jptQqM bDFhXJ beans-buybox__actions beans-quantity-controls__container"
                          >
                            <div
                              class="base-components__RootElement-sc-1mosoyj-1 styled__Container-sc-16t2b2a-0 jptQqM PUfgZ styled__StyledFormGroup-vtxwzb-1 kzKuAr beans-quantity-controls__form-group beans-form-group__container"
                            >
                              <label
                                class="styled__StyledLabel-sc-1ttuvhr-0 izGEjV beans-form-group__label beans-label"
                                for="quantity-controls-304379363"
                                >Quantity controls<!-- -->
                              </label>
                              <div
                                class="base-components__BaseElement-sc-1mosoyj-0 styled__Children-sc-16t2b2a-3 oznwo gdJvjO beans-form-group__children"
                              >
                                <div
                                  class="styled__StyledQuantityControlWrapper-vtxwzb-6 LCxOg"
                                >
                                  <label
                                    id="quantity-controls-304379363-label"
                                    class="styled__VisuallyHiddenLabel-vtxwzb-7 gXlLiM"
                                    >Quantity of Tesco Langoustines 500G</label
                                  >
                                  <div
                                    class="component__Wrapper-sc-1kpmik-3 dReplG input-wrapper"
                                  >
                                    <input
                                      type="number"
                                      class="base-components__RootElement-sc-1mosoyj-1 styled__StyledInput-sc-1jd5f57-0 component__StyledAsInput-sc-1kpmik-4 jptQqM eJLlow styled__StyledInput-vtxwzb-3 lwMHo beans-quantity-controls__input beans-input"
                                      data-auto="beans-quantity-controls-input"
                                      autocomplete="off"
                                      id="quantity-controls-304379363"
                                      maxlength="2"
                                      name="newValue"
                                      aria-labelledby="quantity-controls-304379363-label"
                                      value="1"
                                    />
                                  </div>
                                </div>
                                <button
                                  class="styled__BaseButton-rsekm1-0 styled__PrimaryButton-rsekm1-2 jChbeY geeWOF styled__StyledButton-vtxwzb-5 japAxb beans-quantity-controls__add-button beans-button__container"
                                  type="submit"
                                  data-auto="beans-quantity-controls-add-button"
                                  aria-label="Quantity of Tesco Langoustines 500G"
                                >
                                  <span
                                    class="base-components__BaseElement-sc-1mosoyj-0 styled__InnerContainer-rsekm1-1 oznwo fuFres beans-button__inner-container"
                                    ><span
                                      class="base-components__BaseElement-sc-1mosoyj-0 styled__TextSpan-rsekm1-4 oznwo GDiMp beans-button__text"
                                      >Add</span
                                    ></span
                                  >
                                </button>
                              </div>
                            </div>
                          </div>
                        </div>
                      </div>
                      <input
                        type="hidden"
                        name="_csrf"
                        value="BeMqcJBE-zCJWuNH91oq73jFXs7WkHUAPSZM"
                      />
                    </form>
                  </div>
                </div>
              </div>
            </div>
            <div class="hidden-medium product-info-section-small">
              <div class="product-info-message-list"></div>
            </div>
          </div>
        </div>
      </div>
    </div>
  </li>
  <li class="product-list--list-item">
    <div class="styles__StyledVerticalTileWrapper-dvv1wj-0 dtCNPH">
      <div
        data-auto="product-tile"
        data-auto-type="Quantity"
        data-auto-available="true"
        data-auto-is-restricted-disabled="false"
        data-auto-is-substitute="false"
        class="styles__StyledVerticalTile-dvv1wj-1 gSCsYK"
      >
        <div class="styles__StyledTileContentWrapper-dvv1wj-2 bkNhNP beans">
          <div
            id="tile-310130907"
            data-auto-id="310130907"
            class="styles__StyledTiledContent-dvv1wj-3 bcglTg"
          >
            <a
              href="/groceries/en-GB/products/310130907"
              aria-hidden="true"
              class="product-image-wrapper"
              tabindex="1"
              ><div class="product-image__container">
                <picture
                  ><img
                    class="styled__Image-sjvkdn-0 bJErKA product-image beans-responsive-image__image"
                    src="https://digitalcontent.api.tesco.com/v2/media/ghs/84b837f0-da43-43d4-b17e-9beca5c89ba3/3ad8f08c-1eec-418b-98ad-33e92ba6a4db_63337611.jpeg?h=225&amp;w=225"
                    srcset="
                      https://digitalcontent.api.tesco.com/v2/media/ghs/84b837f0-da43-43d4-b17e-9beca5c89ba3/3ad8f08c-1eec-418b-98ad-33e92ba6a4db_63337611.jpeg?h=225&amp;w=225  768w,
                      https://digitalcontent.api.tesco.com/v2/media/ghs/84b837f0-da43-43d4-b17e-9beca5c89ba3/3ad8f08c-1eec-418b-98ad-33e92ba6a4db_63337611.jpeg?h=225&amp;w=225 4000w
                    "
                    alt="Tesco Frozen Lobster Tails"
                /></picture></div
            ></a>
            <div class="product-details--wrapper">
              <h3 class="styles__H3-oa5soe-0 bCKNNq">
                <a
                  href="/groceries/en-GB/products/310130907"
                  class="styled__Anchor-sc-1xbujuz-0 csVOnh beans-link__anchor"
                  data-auto="product-tile--title"
                  ><span
                    class="styled__Text-sc-1xbujuz-1 ldbwMG beans-link__text"
                    >Tesco Frozen Lobster Tails</span
                  ></a
                >
              </h3>
              <div
                class="styles__StyledPromotionsAboveMobile-dvv1wj-7 iPTMuo"
              ></div>
              <div class="styles__StyledProductDetailsContent-dvv1wj-5 ddRSrq">
                <a
                  href="/groceries/en-GB/reviews/submission/310130907?from=%2Fsearch%3Fquery%3Dseafood"
                  aria-label="Write a review for Tesco Frozen Lobster Tails"
                  class="styled__Anchor-sc-1xbujuz-0 jSzuDt write-a-review-link beans-link__anchor"
                  data-auto="review-link"
                  ><span
                    class="styled__Text-sc-1xbujuz-1 fyDIEo beans-link__text"
                    >Write a review</span
                  ><span
                    class="styled__IconContainer-sc-1xbujuz-2 bSauSL beans-link__icon-container"
                    ><svg
                      aria-hidden="true"
                      class="styled__SVG-xxa4wh-1 hQMCqc beans-link__icon beans-icon__svg"
                      height="13.33"
                      preserveAspectRatio="xMinYMax meet"
                      viewBox="-1 0 12 20"
                      width="8"
                      xmlns="http://www.w3.org/2000/svg"
                      color="currentColor"
                    >
                      <path
                        d="M1.312 1.348L10.276 10l-8.964 8.644"
                        fill="none"
                        stroke="currentColor"
                      ></path></svg></span
                ></a>
                <div>
                  <a
                    href="/groceries/en-GB/shop/fresh-food/counters/counter-fish/counter-prawns-and-seafood"
                    class="styled__Anchor-sc-1xbujuz-0 jSzuDt rest-of-shelf-link beans-link__anchor"
                    data-auto="rest-of-shelf-link"
                    ><span
                      class="styled__Text-sc-1xbujuz-1 fyDIEo beans-link__text"
                      >Rest of
                      <span class="visually-hidden"
                        >Counter - Prawns &amp; Seafood</span
                      >
                      shelf</span
                    ><span
                      class="styled__IconContainer-sc-1xbujuz-2 bSauSL beans-link__icon-container"
                      ><svg
                        aria-hidden="true"
                        class="styled__SVG-xxa4wh-1 hQMCqc beans-link__icon beans-icon__svg"
                        height="13.33"
                        preserveAspectRatio="xMinYMax meet"
                        viewBox="-1 0 12 20"
                        width="8"
                        xmlns="http://www.w3.org/2000/svg"
                        color="currentColor"
                      >
                        <path
                          d="M1.312 1.348L10.276 10l-8.964 8.644"
                          fill="none"
                          stroke="currentColor"
                        ></path></svg></span
                  ></a>
                </div>
                <div class="product-info-message-section">
                  <div class="product-info-message-list"></div>
                </div>
              </div>
              <div class="styles__StyledBuyBoxWrapper-dvv1wj-4 dSvjUC">
                <div
                  class="styles__StyledBuyBoxContainer-sc-1wx0qp6-0 erryje"
                  data-auto="buybox-container"
                >
                  <div class="styles__SafeFormWrapper-jtpu2t-0 lcrYKS">
                    <form
                      action="/groceries/en-GB/trolley/items/310130907?_method=PUT"
                      method="POST"
                    >
                      <input type="submit" class="hidden" /><input
                        type="hidden"
                        name="id"
                        value="310130907"
                      /><input
                        type="hidden"
                        name="identifier"
                        value="Page"
                      /><input
                        type="hidden"
                        name="anchorId"
                        value="#tile-310130907"
                      /><input
                        type="hidden"
                        name="returnUrl"
                        value="/groceries/en-GB/search?query=seafood&amp;redirectIfUnavailable=true#tile-310130907"
                      /><input type="hidden" name="backToUrl" value="#" /><input
                        type="hidden"
                        name="oldValue"
                        value="0"
                      /><input
                        type="hidden"
                        name="oldUnitChoice"
                        value="pcs"
                      /><input type="hidden" name="newUnitChoice" value="pcs" />
                      <div
                        class="base-components__RootElement-sc-1mosoyj-1 styled__Container-sc-6nhkzi-0 jptQqM hSNpTb beans-buybox__container"
                      >
                        <div
                          class="base-components__BaseElement-sc-1mosoyj-0 styled__PriceAndActions-sc-6nhkzi-3 oznwo eEPLov beans-buybox__price-and-actions"
                        >
                          <div
                            class="base-components__RootElement-sc-1mosoyj-1 styled__Container-sc-8qlq5b-0 jptQqM bgZrjw styled__StyledPrice-sc-6nhkzi-5 iYHeik beans-buybox__price beans-price__container"
                          >
                            <p
                              class="styled__StyledHeading-sc-119w3hf-2 jWPEtj styled__Text-sc-8qlq5b-1 lnaeiZ beans-price__text"
                            >
                              £7.00
                            </p>
                            <p
                              class="styled__StyledFootnote-sc-119w3hf-7 icrlVF styled__Subtext-sc-8qlq5b-2 bNJmdc beans-price__subtext"
                            >
                              £7.00/each
                            </p>
                          </div>
                          <div
                            class="base-components__RootElement-sc-1mosoyj-1 styled__Container-vtxwzb-0 jptQqM bDFhXJ beans-buybox__actions beans-quantity-controls__container"
                          >
                            <div
                              class="base-components__RootElement-sc-1mosoyj-1 styled__Container-sc-16t2b2a-0 jptQqM PUfgZ styled__StyledFormGroup-vtxwzb-1 kzKuAr beans-quantity-controls__form-group beans-form-group__container"
                            >
                              <label
                                class="styled__StyledLabel-sc-1ttuvhr-0 izGEjV beans-form-group__label beans-label"
                                for="quantity-controls-310130907"
                                >Quantity controls<!-- -->
                              </label>
                              <div
                                class="base-components__BaseElement-sc-1mosoyj-0 styled__Children-sc-16t2b2a-3 oznwo gdJvjO beans-form-group__children"
                              >
                                <div
                                  class="styled__StyledQuantityControlWrapper-vtxwzb-6 LCxOg"
                                >
                                  <label
                                    id="quantity-controls-310130907-label"
                                    class="styled__VisuallyHiddenLabel-vtxwzb-7 gXlLiM"
                                    >Quantity of Tesco Frozen Lobster
                                    Tails</label
                                  >
                                  <div
                                    class="component__Wrapper-sc-1kpmik-3 dReplG input-wrapper"
                                  >
                                    <input
                                      type="number"
                                      class="base-components__RootElement-sc-1mosoyj-1 styled__StyledInput-sc-1jd5f57-0 component__StyledAsInput-sc-1kpmik-4 jptQqM eJLlow styled__StyledInput-vtxwzb-3 lwMHo beans-quantity-controls__input beans-input"
                                      data-auto="beans-quantity-controls-input"
                                      autocomplete="off"
                                      id="quantity-controls-310130907"
                                      maxlength="2"
                                      name="newValue"
                                      aria-labelledby="quantity-controls-310130907-label"
                                      value="1"
                                    />
                                  </div>
                                </div>
                                <button
                                  class="styled__BaseButton-rsekm1-0 styled__PrimaryButton-rsekm1-2 jChbeY geeWOF styled__StyledButton-vtxwzb-5 japAxb beans-quantity-controls__add-button beans-button__container"
                                  type="submit"
                                  data-auto="beans-quantity-controls-add-button"
                                  aria-label="Quantity of Tesco Frozen Lobster Tails"
                                >
                                  <span
                                    class="base-components__BaseElement-sc-1mosoyj-0 styled__InnerContainer-rsekm1-1 oznwo fuFres beans-button__inner-container"
                                    ><span
                                      class="base-components__BaseElement-sc-1mosoyj-0 styled__TextSpan-rsekm1-4 oznwo GDiMp beans-button__text"
                                      >Add</span
                                    ></span
                                  >
                                </button>
                              </div>
                            </div>
                          </div>
                        </div>
                      </div>
                      <input
                        type="hidden"
                        name="_csrf"
                        value="BeMqcJBE-zCJWuNH91oq73jFXs7WkHUAPSZM"
                      />
                    </form>
                  </div>
                </div>
              </div>
            </div>
            <div class="hidden-medium product-info-section-small">
              <div class="product-info-message-list"></div>
            </div>
          </div>
        </div>
      </div>
    </div>
  </li>
</ul>
