<div class="product-lists-wrapper">
  <div>
    <div
      class="overlay-spinner--overlay overlay-spinner--large"
      data-auto="overlay-spinner"
    ></div>
  </div>
  <div class="category product-list--page product-list--current-page">
    <div class="list-page-1">
      <ul
        class="product-list grid"
        data-auto="product-list"
        data-auto-last-updated="1655020175718"
      >
        <li class="product-list--list-item first">
          <div class="styles__StyledVerticalTileWrapper-dvv1wj-0 dtCNPH">
            <div
              data-auto="product-tile"
              data-auto-type="Quantity"
              data-auto-available="true"
              data-auto-is-restricted-disabled="false"
              data-auto-is-substitute="false"
              class="styles__StyledVerticalTile-dvv1wj-1 hJqNin"
            >
              <div
                class="styles__StyledTileContentWrapper-dvv1wj-2 bkNhNP beans"
              >
                <div
                  id="tile-303088379"
                  data-auto-id="303088379"
                  class="styles__StyledTiledContent-dvv1wj-3 bcglTg"
                >
                  <a
                    href="/groceries/en-GB/products/303088379"
                    aria-hidden="true"
                    class="product-image-wrapper"
                    tabindex="1"
                    ><div class="product-image__container">
                      <picture
                        ><img
                          class="styled__Image-sjvkdn-0 bJErKA product-image beans-responsive-image__image"
                          src="https://digitalcontent.api.tesco.com/v2/media/ghs/70d53047-481e-4039-96d0-564650cdffa2/af2583dc-fe5c-4376-a0d6-a7f3399e696a_1108966860.jpeg?h=225&amp;w=225"
                          srcset="
                            https://digitalcontent.api.tesco.com/v2/media/ghs/70d53047-481e-4039-96d0-564650cdffa2/af2583dc-fe5c-4376-a0d6-a7f3399e696a_1108966860.jpeg?h=225&amp;w=225  768w,
                            https://digitalcontent.api.tesco.com/v2/media/ghs/70d53047-481e-4039-96d0-564650cdffa2/af2583dc-fe5c-4376-a0d6-a7f3399e696a_1108966860.jpeg?h=225&amp;w=225 4000w
                          "
                          alt="Tesco Fire Pit Chorizo Sausages 6Pack 300G"
                      /></picture></div
                  ></a>
                  <div class="product-details--wrapper">
                    <h3>
                      <a
                        href="/groceries/en-GB/products/303088379"
                        class="styled__Anchor-sc-1xbujuz-0 bmBCJq beans-link__anchor"
                        data-auto="product-tile--title"
                        ><span
                          class="styled__Text-sc-1xbujuz-1 ldbwMG beans-link__text"
                          >Tesco Fire Pit Chorizo Sausages 6Pack 300G</span
                        ></a
                      >
                    </h3>
                    <div
                      class="styles__StyledProductDetailsContent-dvv1wj-5 ddRSrq"
                    >
                      <a
                        href="/groceries/en-GB/reviews/submission/303088379?from=%2Fshop%2Fsummer-bbq%2Fbbq-steaks-and-meats%2Fall%3Fpage%3D1%26count%3D48"
                        aria-label="Write a review for Tesco Fire Pit Chorizo Sausages 6Pack 300G"
                        class="styled__Anchor-sc-1xbujuz-0 cFilde beans-link__anchor"
                        data-auto="review-link"
                        ><span
                          class="styled__Text-sc-1xbujuz-1 fyDIEo beans-link__text"
                          >Write a review</span
                        ><span
                          class="styled__IconContainer-sc-1xbujuz-2 bSauSL beans-link__icon-container"
                          ><svg
                            aria-hidden="true"
                            class="styled__SVG-xxa4wh-1 hQMCqc beans-link__icon beans-icon__svg"
                            height="13.33"
                            preserveAspectRatio="xMinYMax meet"
                            viewBox="-1 0 12 20"
                            width="8"
                            xmlns="http://www.w3.org/2000/svg"
                            color="currentColor"
                          >
                            <path
                              d="M1.312 1.348L10.276 10l-8.964 8.644"
                              fill="none"
                              stroke="currentColor"
                            ></path></svg></span
                      ></a>
                      <div>
                        <a
                          href="/groceries/en-GB/shop/fresh-food/fresh-meat-and-poultry/burgers-meatballs-and-bbq-meat/bbq-pork"
                          class="styled__Anchor-sc-1xbujuz-0 cFilde beans-link__anchor"
                          ><span
                            class="styled__Text-sc-1xbujuz-1 fyDIEo beans-link__text"
                            >Rest of
                            <span class="visually-hidden">BBQ Pork</span>
                            shelf</span
                          ><span
                            class="styled__IconContainer-sc-1xbujuz-2 bSauSL beans-link__icon-container"
                            ><svg
                              aria-hidden="true"
                              class="styled__SVG-xxa4wh-1 hQMCqc beans-link__icon beans-icon__svg"
                              height="13.33"
                              preserveAspectRatio="xMinYMax meet"
                              viewBox="-1 0 12 20"
                              width="8"
                              xmlns="http://www.w3.org/2000/svg"
                              color="currentColor"
                            >
                              <path
                                d="M1.312 1.348L10.276 10l-8.964 8.644"
                                fill="none"
                                stroke="currentColor"
                              ></path></svg></span
                        ></a>
                      </div>
                      <div class="product-info-message-section">
                        <div class="product-info-message-list"></div>
                      </div>
                    </div>
                    <div
                      class="styles__StyledPromotionsWithBuyBoxWrapper-dvv1wj-8 cZskDh"
                    >
                      <div
                        class="styles__StyledPromotionsAboveMobile-dvv1wj-7 iPTMuo"
                      >
                        <div
                          class="styles__StyledPromotionsWithClubcardPriceContainer-sc-1vdpoop-0 bsPFbn"
                        >
                          <div
                            class="styles__StyledClubcardLogo-sc-1vdpoop-2 elOZEB"
                          >
                            <div
                              class="styles__Wrapper-sc-1d2phhy-0 hgBuQG undefined special-offer-sash"
                            >
                              <span
                                class="styles__CircleWrapper-sc-1d2phhy-2 hCbzjm"
                                ><strong
                                  class="styles__TextWrapper-sc-1d2phhy-1 bLXNGg"
                                  >Clubcard Price</strong
                                ></span
                              >
                            </div>
                          </div>
                          <a href="/groceries/en-GB/promotions/88496145"
                            ><div
                              class="styles__ProductPromotionStyling-sc-1vdpoop-3 cKitpL"
                            >
                              <div
                                class="styles__StyledPromotionsOfferContent-sc-1vdpoop-1 cPSekc"
                              >
                                <span class="offer-text"
                                  >Any 2 for £8 Clubcard Price - Selected Tesco
                                  Ready To Cook &amp; Bbq Products 180g -
                                  1120g</span
                                >
                              </div>
                              <span class="dates"
                                >Offer valid for delivery from 25/05/2022 until
                                14/06/2022</span
                              >
                            </div></a
                          >
                        </div>
                      </div>
                      <div class="styles__StyledBuyBoxWrapper-dvv1wj-4 dSvjUC">
                        <div
                          class="styles__StyledBuyBoxContainer-sc-1wx0qp6-0 dAXuso"
                          data-auto="buybox-container"
                        >
                          <form
                            action="/groceries/en-GB/trolley/items/303088379?_method=PUT"
                            method="POST"
                            quantitytype="simple-quantity"
                            class="styles__SafeFormWrapper-jtpu2t-0 lcrYKS"
                          >
                            <input type="submit" class="hidden" /><input
                              type="hidden"
                              name="id"
                              value="303088379"
                            /><input
                              type="hidden"
                              name="identifier"
                              value="Page"
                            /><input
                              type="hidden"
                              name="anchorId"
                              value="#tile-303088379"
                            /><input
                              type="hidden"
                              name="returnUrl"
                              value="/groceries/en-GB/shop/summer-bbq/bbq-steaks-and-meats/all?page=1&amp;count=48#tile-303088379"
                            /><input
                              type="hidden"
                              name="backToUrl"
                              value="#"
                            /><input
                              type="hidden"
                              name="oldValue"
                              value="0"
                            /><input
                              type="hidden"
                              name="oldUnitChoice"
                              value="pcs"
                            /><input
                              type="hidden"
                              name="newUnitChoice"
                              value="pcs"
                            />
                            <div
                              class="base-components__RootElement-sc-1mosoyj-1 styled__Container-sc-6nhkzi-0 jptQqM hSNpTb beans-buybox__container"
                            >
                              <div
                                class="base-components__BaseElement-sc-1mosoyj-0 styled__PriceAndActions-sc-6nhkzi-3 oznwo eEPLov beans-buybox__price-and-actions"
                              >
                                <div
                                  class="base-components__RootElement-sc-1mosoyj-1 styled__Container-sc-8qlq5b-0 jptQqM bgZrjw styled__StyledPrice-sc-6nhkzi-5 iYHeik beans-buybox__price beans-price__container"
                                >
                                  <p
                                    class="styled__StyledHeading-sc-119w3hf-2 jWPEtj styled__Text-sc-8qlq5b-1 lnaeiZ beans-price__text"
                                  >
                                    £4.50
                                  </p>
                                  <p
                                    class="styled__StyledFootnote-sc-119w3hf-7 icrlVF styled__Subtext-sc-8qlq5b-2 bNJmdc beans-price__subtext"
                                  >
                                    £15.00/kg
                                  </p>
                                </div>
                                <div
                                  class="base-components__RootElement-sc-1mosoyj-1 styled__Container-vtxwzb-0 jptQqM bDFhXJ beans-buybox__actions beans-quantity-controls__container"
                                >
                                  <div
                                    class="base-components__RootElement-sc-1mosoyj-1 styled__Container-sc-16t2b2a-0 jptQqM PUfgZ styled__StyledFormGroup-vtxwzb-1 kzKuAr beans-quantity-controls__form-group beans-form-group__container"
                                  >
                                    <label
                                      class="styled__StyledLabel-sc-1ttuvhr-0 bwxooU beans-form-group__label beans-label"
                                      for="quantity-controls-303088379"
                                      >Quantity controls<!-- -->
                                    </label>
                                    <div
                                      class="base-components__BaseElement-sc-1mosoyj-0 styled__Children-sc-16t2b2a-3 oznwo gdJvjO beans-form-group__children"
                                    >
                                      <div
                                        class="styled__StyledQuantityControlWrapper-vtxwzb-6 LCxOg"
                                      >
                                        <label
                                          id="quantity-controls-303088379-label"
                                          class="styled__VisuallyHiddenLabel-vtxwzb-7 gXlLiM"
                                          >add Tesco Fire Pit Chorizo Sausages
                                          6Pack 300G to basket</label
                                        ><input
                                          type="number"
                                          class="base-components__RootElement-sc-1mosoyj-1 styled__StyledInput-sc-1jd5f57-0 jptQqM hupFMH styled__StyledInput-vtxwzb-3 lwMHo beans-quantity-controls__input beans-input"
                                          data-auto="beans-quantity-controls-input"
                                          autocomplete="off"
                                          id="quantity-controls-303088379"
                                          maxlength="2"
                                          name="newValue"
                                          aria-labelledby="quantity-controls-303088379-label"
                                          value="1"
                                        />
                                      </div>
                                      <button
                                        class="styled__BaseButton-rsekm1-0 styled__PrimaryButton-rsekm1-2 jChbeY geeWOF styled__StyledButton-vtxwzb-5 japAxb beans-quantity-controls__add-button beans-button__container"
                                        type="submit"
                                        data-auto="beans-quantity-controls-add-button"
                                        aria-label="add Tesco Fire Pit Chorizo Sausages 6Pack 300G to basket"
                                      >
                                        <span
                                          class="base-components__BaseElement-sc-1mosoyj-0 styled__InnerContainer-rsekm1-1 oznwo fuFres beans-button__inner-container"
                                          ><span
                                            class="base-components__BaseElement-sc-1mosoyj-0 styled__TextSpan-rsekm1-4 oznwo GDiMp beans-button__text"
                                            >Add</span
                                          ></span
                                        >
                                      </button>
                                    </div>
                                  </div>
                                </div>
                              </div>
                            </div>
                            <input
                              type="hidden"
                              name="_csrf"
                              value="IF27hEy7-e8rc-JXh6PMvwMk_UVHaG6Azp1k"
                            />
                          </form>
                        </div>
                      </div>
                    </div>
                  </div>
                  <div class="hidden-medium product-info-section-small">
                    <div class="product-info-message-list"></div>
                  </div>
                </div>
                <div class="styles__StyledPromotionsMobile-dvv1wj-6 Bxaeb">
                  <div>
                    <div
                      class="styles__StyledPromotionsWithClubcardPriceContainer-sc-1vdpoop-0 bsPFbn"
                    >
                      <div
                        class="styles__StyledClubcardLogo-sc-1vdpoop-2 elOZEB"
                      >
                        <div
                          class="styles__Wrapper-sc-1d2phhy-0 hgBuQG undefined special-offer-sash"
                        >
                          <span
                            class="styles__CircleWrapper-sc-1d2phhy-2 hCbzjm"
                            ><strong
                              class="styles__TextWrapper-sc-1d2phhy-1 bLXNGg"
                              >Clubcard Price</strong
                            ></span
                          >
                        </div>
                      </div>
                      <a href="/groceries/en-GB/promotions/88496145"
                        ><div
                          class="styles__ProductPromotionStyling-sc-1vdpoop-3 cKitpL"
                        >
                          <div
                            class="styles__StyledPromotionsOfferContent-sc-1vdpoop-1 cPSekc"
                          >
                            <span class="offer-text"
                              >Any 2 for £8 Clubcard Price - Selected Tesco
                              Ready To Cook &amp; Bbq Products 180g -
                              1120g</span
                            >
                          </div>
                          <span class="dates"
                            >Offer valid for delivery from 25/05/2022 until
                            14/06/2022</span
                          >
                        </div></a
                      >
                    </div>
                  </div>
                </div>
              </div>
            </div>
          </div>
        </li>
        <li class="product-list--list-item">
          <div class="styles__StyledVerticalTileWrapper-dvv1wj-0 dtCNPH">
            <div
              data-auto="product-tile"
              data-auto-type="Quantity"
              data-auto-available="true"
              data-auto-is-restricted-disabled="false"
              data-auto-is-substitute="false"
              class="styles__StyledVerticalTile-dvv1wj-1 hJqNin"
            >
              <div
                class="styles__StyledTileContentWrapper-dvv1wj-2 bkNhNP beans"
              >
                <div
                  id="tile-305527325"
                  data-auto-id="305527325"
                  class="styles__StyledTiledContent-dvv1wj-3 bcglTg"
                >
                  <a
                    href="/groceries/en-GB/products/305527325"
                    aria-hidden="true"
                    class="product-image-wrapper"
                    tabindex="1"
                    ><div class="product-image__container">
                      <picture
                        ><img
                          class="styled__Image-sjvkdn-0 bJErKA product-image beans-responsive-image__image"
                          src="https://digitalcontent.api.tesco.com/v2/media/ghs/3fb07370-d154-4b6f-afe8-12f6054c2c19/a2d99f35-6d24-4fcb-b49c-24ead2c742d5.jpeg?h=225&amp;w=225"
                          srcset="
                            https://digitalcontent.api.tesco.com/v2/media/ghs/3fb07370-d154-4b6f-afe8-12f6054c2c19/a2d99f35-6d24-4fcb-b49c-24ead2c742d5.jpeg?h=225&amp;w=225  768w,
                            https://digitalcontent.api.tesco.com/v2/media/ghs/3fb07370-d154-4b6f-afe8-12f6054c2c19/a2d99f35-6d24-4fcb-b49c-24ead2c742d5.jpeg?h=225&amp;w=225 4000w
                          "
                          alt="Tesco Fire Pit Oaky Smoky Bbq Chicken Drums 900G"
                      /></picture></div
                  ></a>
                  <div class="product-details--wrapper">
                    <h3>
                      <a
                        href="/groceries/en-GB/products/305527325"
                        class="styled__Anchor-sc-1xbujuz-0 bmBCJq beans-link__anchor"
                        data-auto="product-tile--title"
                        ><span
                          class="styled__Text-sc-1xbujuz-1 ldbwMG beans-link__text"
                          >Tesco Fire Pit Oaky Smoky Bbq Chicken Drums
                          900G</span
                        ></a
                      >
                    </h3>
                    <div
                      class="styles__StyledProductDetailsContent-dvv1wj-5 ddRSrq"
                    >
                      <a
                        href="/groceries/en-GB/reviews/submission/305527325?from=%2Fshop%2Fsummer-bbq%2Fbbq-steaks-and-meats%2Fall%3Fpage%3D1%26count%3D48"
                        aria-label="Write a review for Tesco Fire Pit Oaky Smoky Bbq Chicken Drums 900G"
                        class="styled__Anchor-sc-1xbujuz-0 cFilde beans-link__anchor"
                        data-auto="review-link"
                        ><span
                          class="styled__Text-sc-1xbujuz-1 fyDIEo beans-link__text"
                          >Write a review</span
                        ><span
                          class="styled__IconContainer-sc-1xbujuz-2 bSauSL beans-link__icon-container"
                          ><svg
                            aria-hidden="true"
                            class="styled__SVG-xxa4wh-1 hQMCqc beans-link__icon beans-icon__svg"
                            height="13.33"
                            preserveAspectRatio="xMinYMax meet"
                            viewBox="-1 0 12 20"
                            width="8"
                            xmlns="http://www.w3.org/2000/svg"
                            color="currentColor"
                          >
                            <path
                              d="M1.312 1.348L10.276 10l-8.964 8.644"
                              fill="none"
                              stroke="currentColor"
                            ></path></svg></span
                      ></a>
                      <div>
                        <a
                          href="/groceries/en-GB/shop/fresh-food/fresh-meat-and-poultry/burgers-meatballs-and-bbq-meat/bbq-chicken"
                          class="styled__Anchor-sc-1xbujuz-0 cFilde beans-link__anchor"
                          ><span
                            class="styled__Text-sc-1xbujuz-1 fyDIEo beans-link__text"
                            >Rest of
                            <span class="visually-hidden">BBQ Chicken</span>
                            shelf</span
                          ><span
                            class="styled__IconContainer-sc-1xbujuz-2 bSauSL beans-link__icon-container"
                            ><svg
                              aria-hidden="true"
                              class="styled__SVG-xxa4wh-1 hQMCqc beans-link__icon beans-icon__svg"
                              height="13.33"
                              preserveAspectRatio="xMinYMax meet"
                              viewBox="-1 0 12 20"
                              width="8"
                              xmlns="http://www.w3.org/2000/svg"
                              color="currentColor"
                            >
                              <path
                                d="M1.312 1.348L10.276 10l-8.964 8.644"
                                fill="none"
                                stroke="currentColor"
                              ></path></svg></span
                        ></a>
                      </div>
                      <div class="product-info-message-section">
                        <div class="product-info-message-list"></div>
                      </div>
                    </div>
                    <div
                      class="styles__StyledPromotionsWithBuyBoxWrapper-dvv1wj-8 cZskDh"
                    >
                      <div
                        class="styles__StyledPromotionsAboveMobile-dvv1wj-7 iPTMuo"
                      >
                        <div
                          class="styles__StyledPromotionsWithClubcardPriceContainer-sc-1vdpoop-0 bsPFbn"
                        >
                          <div
                            class="styles__StyledClubcardLogo-sc-1vdpoop-2 elOZEB"
                          >
                            <div
                              class="styles__Wrapper-sc-1d2phhy-0 hgBuQG undefined special-offer-sash"
                            >
                              <span
                                class="styles__CircleWrapper-sc-1d2phhy-2 hCbzjm"
                                ><strong
                                  class="styles__TextWrapper-sc-1d2phhy-1 bLXNGg"
                                  >Clubcard Price</strong
                                ></span
                              >
                            </div>
                          </div>
                          <a href="/groceries/en-GB/promotions/88496145"
                            ><div
                              class="styles__ProductPromotionStyling-sc-1vdpoop-3 cKitpL"
                            >
                              <div
                                class="styles__StyledPromotionsOfferContent-sc-1vdpoop-1 cPSekc"
                              >
                                <span class="offer-text"
                                  >Any 2 for £8 Clubcard Price - Selected Tesco
                                  Ready To Cook &amp; Bbq Products 180g -
                                  1120g</span
                                >
                              </div>
                              <span class="dates"
                                >Offer valid for delivery from 25/05/2022 until
                                14/06/2022</span
                              >
                            </div></a
                          >
                        </div>
                      </div>
                      <div class="styles__StyledBuyBoxWrapper-dvv1wj-4 dSvjUC">
                        <div
                          class="styles__StyledBuyBoxContainer-sc-1wx0qp6-0 dAXuso"
                          data-auto="buybox-container"
                        >
                          <form
                            action="/groceries/en-GB/trolley/items/305527325?_method=PUT"
                            method="POST"
                            quantitytype="simple-quantity"
                            class="styles__SafeFormWrapper-jtpu2t-0 lcrYKS"
                          >
                            <input type="submit" class="hidden" /><input
                              type="hidden"
                              name="id"
                              value="305527325"
                            /><input
                              type="hidden"
                              name="identifier"
                              value="Page"
                            /><input
                              type="hidden"
                              name="anchorId"
                              value="#tile-305527325"
                            /><input
                              type="hidden"
                              name="returnUrl"
                              value="/groceries/en-GB/shop/summer-bbq/bbq-steaks-and-meats/all?page=1&amp;count=48#tile-305527325"
                            /><input
                              type="hidden"
                              name="backToUrl"
                              value="#"
                            /><input
                              type="hidden"
                              name="oldValue"
                              value="0"
                            /><input
                              type="hidden"
                              name="oldUnitChoice"
                              value="pcs"
                            /><input
                              type="hidden"
                              name="newUnitChoice"
                              value="pcs"
                            />
                            <div
                              class="base-components__RootElement-sc-1mosoyj-1 styled__Container-sc-6nhkzi-0 jptQqM hSNpTb beans-buybox__container"
                            >
                              <div
                                class="base-components__BaseElement-sc-1mosoyj-0 styled__PriceAndActions-sc-6nhkzi-3 oznwo eEPLov beans-buybox__price-and-actions"
                              >
                                <div
                                  class="base-components__RootElement-sc-1mosoyj-1 styled__Container-sc-8qlq5b-0 jptQqM bgZrjw styled__StyledPrice-sc-6nhkzi-5 iYHeik beans-buybox__price beans-price__container"
                                >
                                  <p
                                    class="styled__StyledHeading-sc-119w3hf-2 jWPEtj styled__Text-sc-8qlq5b-1 lnaeiZ beans-price__text"
                                  >
                                    £4.50
                                  </p>
                                  <p
                                    class="styled__StyledFootnote-sc-119w3hf-7 icrlVF styled__Subtext-sc-8qlq5b-2 bNJmdc beans-price__subtext"
                                  >
                                    £5.00/kg
                                  </p>
                                </div>
                                <div
                                  class="base-components__RootElement-sc-1mosoyj-1 styled__Container-vtxwzb-0 jptQqM bDFhXJ beans-buybox__actions beans-quantity-controls__container"
                                >
                                  <div
                                    class="base-components__RootElement-sc-1mosoyj-1 styled__Container-sc-16t2b2a-0 jptQqM PUfgZ styled__StyledFormGroup-vtxwzb-1 kzKuAr beans-quantity-controls__form-group beans-form-group__container"
                                  >
                                    <label
                                      class="styled__StyledLabel-sc-1ttuvhr-0 bwxooU beans-form-group__label beans-label"
                                      for="quantity-controls-305527325"
                                      >Quantity controls<!-- -->
                                    </label>
                                    <div
                                      class="base-components__BaseElement-sc-1mosoyj-0 styled__Children-sc-16t2b2a-3 oznwo gdJvjO beans-form-group__children"
                                    >
                                      <div
                                        class="styled__StyledQuantityControlWrapper-vtxwzb-6 LCxOg"
                                      >
                                        <label
                                          id="quantity-controls-305527325-label"
                                          class="styled__VisuallyHiddenLabel-vtxwzb-7 gXlLiM"
                                          >add Tesco Fire Pit Oaky Smoky Bbq
                                          Chicken Drums 900G to basket</label
                                        ><input
                                          type="number"
                                          class="base-components__RootElement-sc-1mosoyj-1 styled__StyledInput-sc-1jd5f57-0 jptQqM hupFMH styled__StyledInput-vtxwzb-3 lwMHo beans-quantity-controls__input beans-input"
                                          data-auto="beans-quantity-controls-input"
                                          autocomplete="off"
                                          id="quantity-controls-305527325"
                                          maxlength="2"
                                          name="newValue"
                                          aria-labelledby="quantity-controls-305527325-label"
                                          value="1"
                                        />
                                      </div>
                                      <button
                                        class="styled__BaseButton-rsekm1-0 styled__PrimaryButton-rsekm1-2 jChbeY geeWOF styled__StyledButton-vtxwzb-5 japAxb beans-quantity-controls__add-button beans-button__container"
                                        type="submit"
                                        data-auto="beans-quantity-controls-add-button"
                                        aria-label="add Tesco Fire Pit Oaky Smoky Bbq Chicken Drums 900G to basket"
                                      >
                                        <span
                                          class="base-components__BaseElement-sc-1mosoyj-0 styled__InnerContainer-rsekm1-1 oznwo fuFres beans-button__inner-container"
                                          ><span
                                            class="base-components__BaseElement-sc-1mosoyj-0 styled__TextSpan-rsekm1-4 oznwo GDiMp beans-button__text"
                                            >Add</span
                                          ></span
                                        >
                                      </button>
                                    </div>
                                  </div>
                                </div>
                              </div>
                            </div>
                            <input
                              type="hidden"
                              name="_csrf"
                              value="IF27hEy7-e8rc-JXh6PMvwMk_UVHaG6Azp1k"
                            />
                          </form>
                        </div>
                      </div>
                    </div>
                  </div>
                  <div class="hidden-medium product-info-section-small">
                    <div class="product-info-message-list"></div>
                  </div>
                </div>
                <div class="styles__StyledPromotionsMobile-dvv1wj-6 Bxaeb">
                  <div>
                    <div
                      class="styles__StyledPromotionsWithClubcardPriceContainer-sc-1vdpoop-0 bsPFbn"
                    >
                      <div
                        class="styles__StyledClubcardLogo-sc-1vdpoop-2 elOZEB"
                      >
                        <div
                          class="styles__Wrapper-sc-1d2phhy-0 hgBuQG undefined special-offer-sash"
                        >
                          <span
                            class="styles__CircleWrapper-sc-1d2phhy-2 hCbzjm"
                            ><strong
                              class="styles__TextWrapper-sc-1d2phhy-1 bLXNGg"
                              >Clubcard Price</strong
                            ></span
                          >
                        </div>
                      </div>
                      <a href="/groceries/en-GB/promotions/88496145"
                        ><div
                          class="styles__ProductPromotionStyling-sc-1vdpoop-3 cKitpL"
                        >
                          <div
                            class="styles__StyledPromotionsOfferContent-sc-1vdpoop-1 cPSekc"
                          >
                            <span class="offer-text"
                              >Any 2 for £8 Clubcard Price - Selected Tesco
                              Ready To Cook &amp; Bbq Products 180g -
                              1120g</span
                            >
                          </div>
                          <span class="dates"
                            >Offer valid for delivery from 25/05/2022 until
                            14/06/2022</span
                          >
                        </div></a
                      >
                    </div>
                  </div>
                </div>
              </div>
            </div>
          </div>
        </li>
        <li class="product-list--list-item">
          <div class="styles__StyledVerticalTileWrapper-dvv1wj-0 dtCNPH">
            <div
              data-auto="product-tile"
              data-auto-type="Quantity"
              data-auto-available="true"
              data-auto-is-restricted-disabled="false"
              data-auto-is-substitute="false"
              class="styles__StyledVerticalTile-dvv1wj-1 hJqNin"
            >
              <div
                class="styles__StyledTileContentWrapper-dvv1wj-2 bkNhNP beans"
              >
                <div
                  id="tile-310156071"
                  data-auto-id="310156071"
                  class="styles__StyledTiledContent-dvv1wj-3 bcglTg"
                >
                  <a
                    href="/groceries/en-GB/products/310156071"
                    aria-hidden="true"
                    class="product-image-wrapper"
                    tabindex="1"
                    ><div class="product-image__container">
                      <picture
                        ><img
                          class="styled__Image-sjvkdn-0 bJErKA product-image beans-responsive-image__image"
                          src="https://digitalcontent.api.tesco.com/v2/media/ghs/25550535-38e8-4ac8-8cde-d2b3b9d8d85b/5de37ce7-5632-4dc0-b7d7-d5ee58778351.jpeg?h=225&amp;w=225"
                          srcset="
                            https://digitalcontent.api.tesco.com/v2/media/ghs/25550535-38e8-4ac8-8cde-d2b3b9d8d85b/5de37ce7-5632-4dc0-b7d7-d5ee58778351.jpeg?h=225&amp;w=225  768w,
                            https://digitalcontent.api.tesco.com/v2/media/ghs/25550535-38e8-4ac8-8cde-d2b3b9d8d85b/5de37ce7-5632-4dc0-b7d7-d5ee58778351.jpeg?h=225&amp;w=225 4000w
                          "
                          alt="Tesco Firepit 4 Greek Inspired Pork Kebabs 340G"
                      /></picture></div
                  ></a>
                  <div class="product-details--wrapper">
                    <h3>
                      <a
                        href="/groceries/en-GB/products/310156071"
                        class="styled__Anchor-sc-1xbujuz-0 bmBCJq beans-link__anchor"
                        data-auto="product-tile--title"
                        ><span
                          class="styled__Text-sc-1xbujuz-1 ldbwMG beans-link__text"
                          >Tesco Firepit 4 Greek Inspired Pork Kebabs 340G</span
                        ></a
                      >
                    </h3>
                    <div
                      class="styles__StyledProductDetailsContent-dvv1wj-5 ddRSrq"
                    >
                      <a
                        href="/groceries/en-GB/reviews/submission/310156071?from=%2Fshop%2Fsummer-bbq%2Fbbq-steaks-and-meats%2Fall%3Fpage%3D1%26count%3D48"
                        aria-label="Write a review for Tesco Firepit 4 Greek Inspired Pork Kebabs 340G"
                        class="styled__Anchor-sc-1xbujuz-0 cFilde beans-link__anchor"
                        data-auto="review-link"
                        ><span
                          class="styled__Text-sc-1xbujuz-1 fyDIEo beans-link__text"
                          >Write a review</span
                        ><span
                          class="styled__IconContainer-sc-1xbujuz-2 bSauSL beans-link__icon-container"
                          ><svg
                            aria-hidden="true"
                            class="styled__SVG-xxa4wh-1 hQMCqc beans-link__icon beans-icon__svg"
                            height="13.33"
                            preserveAspectRatio="xMinYMax meet"
                            viewBox="-1 0 12 20"
                            width="8"
                            xmlns="http://www.w3.org/2000/svg"
                            color="currentColor"
                          >
                            <path
                              d="M1.312 1.348L10.276 10l-8.964 8.644"
                              fill="none"
                              stroke="currentColor"
                            ></path></svg></span
                      ></a>
                      <div>
                        <a
                          href="/groceries/en-GB/shop/fresh-food/fresh-meat-and-poultry/burgers-meatballs-and-bbq-meat/bbq-pork"
                          class="styled__Anchor-sc-1xbujuz-0 cFilde beans-link__anchor"
                          ><span
                            class="styled__Text-sc-1xbujuz-1 fyDIEo beans-link__text"
                            >Rest of
                            <span class="visually-hidden">BBQ Pork</span>
                            shelf</span
                          ><span
                            class="styled__IconContainer-sc-1xbujuz-2 bSauSL beans-link__icon-container"
                            ><svg
                              aria-hidden="true"
                              class="styled__SVG-xxa4wh-1 hQMCqc beans-link__icon beans-icon__svg"
                              height="13.33"
                              preserveAspectRatio="xMinYMax meet"
                              viewBox="-1 0 12 20"
                              width="8"
                              xmlns="http://www.w3.org/2000/svg"
                              color="currentColor"
                            >
                              <path
                                d="M1.312 1.348L10.276 10l-8.964 8.644"
                                fill="none"
                                stroke="currentColor"
                              ></path></svg></span
                        ></a>
                      </div>
                      <div class="product-info-message-section">
                        <div class="product-info-message-list"></div>
                      </div>
                    </div>
                    <div
                      class="styles__StyledPromotionsWithBuyBoxWrapper-dvv1wj-8 cZskDh"
                    >
                      <div
                        class="styles__StyledPromotionsAboveMobile-dvv1wj-7 iPTMuo"
                      >
                        <div
                          class="styles__StyledPromotionsWithClubcardPriceContainer-sc-1vdpoop-0 bsPFbn"
                        >
                          <div
                            class="styles__StyledClubcardLogo-sc-1vdpoop-2 elOZEB"
                          >
                            <div
                              class="styles__Wrapper-sc-1d2phhy-0 hgBuQG undefined special-offer-sash"
                            >
                              <span
                                class="styles__CircleWrapper-sc-1d2phhy-2 hCbzjm"
                                ><strong
                                  class="styles__TextWrapper-sc-1d2phhy-1 bLXNGg"
                                  >Clubcard Price</strong
                                ></span
                              >
                            </div>
                          </div>
                          <a href="/groceries/en-GB/promotions/88496145"
                            ><div
                              class="styles__ProductPromotionStyling-sc-1vdpoop-3 cKitpL"
                            >
                              <div
                                class="styles__StyledPromotionsOfferContent-sc-1vdpoop-1 cPSekc"
                              >
                                <span class="offer-text"
                                  >Any 2 for £8 Clubcard Price - Selected Tesco
                                  Ready To Cook &amp; Bbq Products 180g -
                                  1120g</span
                                >
                              </div>
                              <span class="dates"
                                >Offer valid for delivery from 25/05/2022 until
                                14/06/2022</span
                              >
                            </div></a
                          >
                        </div>
                      </div>
                      <div class="styles__StyledBuyBoxWrapper-dvv1wj-4 dSvjUC">
                        <div
                          class="styles__StyledBuyBoxContainer-sc-1wx0qp6-0 dAXuso"
                          data-auto="buybox-container"
                        >
                          <form
                            action="/groceries/en-GB/trolley/items/310156071?_method=PUT"
                            method="POST"
                            quantitytype="simple-quantity"
                            class="styles__SafeFormWrapper-jtpu2t-0 lcrYKS"
                          >
                            <input type="submit" class="hidden" /><input
                              type="hidden"
                              name="id"
                              value="310156071"
                            /><input
                              type="hidden"
                              name="identifier"
                              value="Page"
                            /><input
                              type="hidden"
                              name="anchorId"
                              value="#tile-310156071"
                            /><input
                              type="hidden"
                              name="returnUrl"
                              value="/groceries/en-GB/shop/summer-bbq/bbq-steaks-and-meats/all?page=1&amp;count=48#tile-310156071"
                            /><input
                              type="hidden"
                              name="backToUrl"
                              value="#"
                            /><input
                              type="hidden"
                              name="oldValue"
                              value="0"
                            /><input
                              type="hidden"
                              name="oldUnitChoice"
                              value="pcs"
                            /><input
                              type="hidden"
                              name="newUnitChoice"
                              value="pcs"
                            />
                            <div
                              class="base-components__RootElement-sc-1mosoyj-1 styled__Container-sc-6nhkzi-0 jptQqM hSNpTb beans-buybox__container"
                            >
                              <div
                                class="base-components__BaseElement-sc-1mosoyj-0 styled__PriceAndActions-sc-6nhkzi-3 oznwo eEPLov beans-buybox__price-and-actions"
                              >
                                <div
                                  class="base-components__RootElement-sc-1mosoyj-1 styled__Container-sc-8qlq5b-0 jptQqM bgZrjw styled__StyledPrice-sc-6nhkzi-5 iYHeik beans-buybox__price beans-price__container"
                                >
                                  <p
                                    class="styled__StyledHeading-sc-119w3hf-2 jWPEtj styled__Text-sc-8qlq5b-1 lnaeiZ beans-price__text"
                                  >
                                    £4.50
                                  </p>
                                  <p
                                    class="styled__StyledFootnote-sc-119w3hf-7 icrlVF styled__Subtext-sc-8qlq5b-2 bNJmdc beans-price__subtext"
                                  >
                                    £13.24/kg
                                  </p>
                                </div>
                                <div
                                  class="base-components__RootElement-sc-1mosoyj-1 styled__Container-vtxwzb-0 jptQqM bDFhXJ beans-buybox__actions beans-quantity-controls__container"
                                >
                                  <div
                                    class="base-components__RootElement-sc-1mosoyj-1 styled__Container-sc-16t2b2a-0 jptQqM PUfgZ styled__StyledFormGroup-vtxwzb-1 kzKuAr beans-quantity-controls__form-group beans-form-group__container"
                                  >
                                    <label
                                      class="styled__StyledLabel-sc-1ttuvhr-0 bwxooU beans-form-group__label beans-label"
                                      for="quantity-controls-310156071"
                                      >Quantity controls<!-- -->
                                    </label>
                                    <div
                                      class="base-components__BaseElement-sc-1mosoyj-0 styled__Children-sc-16t2b2a-3 oznwo gdJvjO beans-form-group__children"
                                    >
                                      <div
                                        class="styled__StyledQuantityControlWrapper-vtxwzb-6 LCxOg"
                                      >
                                        <label
                                          id="quantity-controls-310156071-label"
                                          class="styled__VisuallyHiddenLabel-vtxwzb-7 gXlLiM"
                                          >add Tesco Firepit 4 Greek Inspired
                                          Pork Kebabs 340G to basket</label
                                        ><input
                                          type="number"
                                          class="base-components__RootElement-sc-1mosoyj-1 styled__StyledInput-sc-1jd5f57-0 jptQqM hupFMH styled__StyledInput-vtxwzb-3 lwMHo beans-quantity-controls__input beans-input"
                                          data-auto="beans-quantity-controls-input"
                                          autocomplete="off"
                                          id="quantity-controls-310156071"
                                          maxlength="2"
                                          name="newValue"
                                          aria-labelledby="quantity-controls-310156071-label"
                                          value="1"
                                        />
                                      </div>
                                      <button
                                        class="styled__BaseButton-rsekm1-0 styled__PrimaryButton-rsekm1-2 jChbeY geeWOF styled__StyledButton-vtxwzb-5 japAxb beans-quantity-controls__add-button beans-button__container"
                                        type="submit"
                                        data-auto="beans-quantity-controls-add-button"
                                        aria-label="add Tesco Firepit 4 Greek Inspired Pork Kebabs 340G to basket"
                                      >
                                        <span
                                          class="base-components__BaseElement-sc-1mosoyj-0 styled__InnerContainer-rsekm1-1 oznwo fuFres beans-button__inner-container"
                                          ><span
                                            class="base-components__BaseElement-sc-1mosoyj-0 styled__TextSpan-rsekm1-4 oznwo GDiMp beans-button__text"
                                            >Add</span
                                          ></span
                                        >
                                      </button>
                                    </div>
                                  </div>
                                </div>
                              </div>
                            </div>
                            <input
                              type="hidden"
                              name="_csrf"
                              value="IF27hEy7-e8rc-JXh6PMvwMk_UVHaG6Azp1k"
                            />
                          </form>
                        </div>
                      </div>
                    </div>
                  </div>
                  <div class="hidden-medium product-info-section-small">
                    <div class="product-info-message-list"></div>
                  </div>
                </div>
                <div class="styles__StyledPromotionsMobile-dvv1wj-6 Bxaeb">
                  <div>
                    <div
                      class="styles__StyledPromotionsWithClubcardPriceContainer-sc-1vdpoop-0 bsPFbn"
                    >
                      <div
                        class="styles__StyledClubcardLogo-sc-1vdpoop-2 elOZEB"
                      >
                        <div
                          class="styles__Wrapper-sc-1d2phhy-0 hgBuQG undefined special-offer-sash"
                        >
                          <span
                            class="styles__CircleWrapper-sc-1d2phhy-2 hCbzjm"
                            ><strong
                              class="styles__TextWrapper-sc-1d2phhy-1 bLXNGg"
                              >Clubcard Price</strong
                            ></span
                          >
                        </div>
                      </div>
                      <a href="/groceries/en-GB/promotions/88496145"
                        ><div
                          class="styles__ProductPromotionStyling-sc-1vdpoop-3 cKitpL"
                        >
                          <div
                            class="styles__StyledPromotionsOfferContent-sc-1vdpoop-1 cPSekc"
                          >
                            <span class="offer-text"
                              >Any 2 for £8 Clubcard Price - Selected Tesco
                              Ready To Cook &amp; Bbq Products 180g -
                              1120g</span
                            >
                          </div>
                          <span class="dates"
                            >Offer valid for delivery from 25/05/2022 until
                            14/06/2022</span
                          >
                        </div></a
                      >
                    </div>
                  </div>
                </div>
              </div>
            </div>
          </div>
        </li>
        <li class="product-list--list-item">
          <div class="styles__StyledVerticalTileWrapper-dvv1wj-0 dtCNPH">
            <div
              data-auto="product-tile"
              data-auto-type="Quantity"
              data-auto-available="true"
              data-auto-is-restricted-disabled="false"
              data-auto-is-substitute="false"
              class="styles__StyledVerticalTile-dvv1wj-1 hJqNin"
            >
              <div
                class="styles__StyledTileContentWrapper-dvv1wj-2 bkNhNP beans"
              >
                <div
                  id="tile-310109067"
                  data-auto-id="310109067"
                  class="styles__StyledTiledContent-dvv1wj-3 bcglTg"
                >
                  <a
                    href="/groceries/en-GB/products/310109067"
                    aria-hidden="true"
                    class="product-image-wrapper"
                    tabindex="1"
                    ><div class="product-image__container">
                      <picture
                        ><img
                          class="styled__Image-sjvkdn-0 bJErKA product-image beans-responsive-image__image"
                          src="https://digitalcontent.api.tesco.com/v2/media/ghs/08255924-1401-4b38-84ca-f51ece124d12/c398f6fa-afad-4039-99a3-9f64d61f8c10.jpeg?h=225&amp;w=225"
                          srcset="
                            https://digitalcontent.api.tesco.com/v2/media/ghs/08255924-1401-4b38-84ca-f51ece124d12/c398f6fa-afad-4039-99a3-9f64d61f8c10.jpeg?h=225&amp;w=225  768w,
                            https://digitalcontent.api.tesco.com/v2/media/ghs/08255924-1401-4b38-84ca-f51ece124d12/c398f6fa-afad-4039-99a3-9f64d61f8c10.jpeg?h=225&amp;w=225 4000w
                          "
                          alt="Tesco Fire Pit 8 Jumbo Pork Sausages 640G"
                      /></picture></div
                  ></a>
                  <div class="product-details--wrapper">
                    <h3>
                      <a
                        href="/groceries/en-GB/products/310109067"
                        class="styled__Anchor-sc-1xbujuz-0 bmBCJq beans-link__anchor"
                        data-auto="product-tile--title"
                        ><span
                          class="styled__Text-sc-1xbujuz-1 ldbwMG beans-link__text"
                          >Tesco Fire Pit 8 Jumbo Pork Sausages 640G</span
                        ></a
                      >
                    </h3>
                    <div
                      class="styles__StyledProductDetailsContent-dvv1wj-5 ddRSrq"
                    >
                      <a
                        href="/groceries/en-GB/reviews/submission/310109067?from=%2Fshop%2Fsummer-bbq%2Fbbq-steaks-and-meats%2Fall%3Fpage%3D1%26count%3D48"
                        aria-label="Write a review for Tesco Fire Pit 8 Jumbo Pork Sausages 640G"
                        class="styled__Anchor-sc-1xbujuz-0 cFilde beans-link__anchor"
                        data-auto="review-link"
                        ><span
                          class="styled__Text-sc-1xbujuz-1 fyDIEo beans-link__text"
                          >Write a review</span
                        ><span
                          class="styled__IconContainer-sc-1xbujuz-2 bSauSL beans-link__icon-container"
                          ><svg
                            aria-hidden="true"
                            class="styled__SVG-xxa4wh-1 hQMCqc beans-link__icon beans-icon__svg"
                            height="13.33"
                            preserveAspectRatio="xMinYMax meet"
                            viewBox="-1 0 12 20"
                            width="8"
                            xmlns="http://www.w3.org/2000/svg"
                            color="currentColor"
                          >
                            <path
                              d="M1.312 1.348L10.276 10l-8.964 8.644"
                              fill="none"
                              stroke="currentColor"
                            ></path></svg></span
                      ></a>
                      <div>
                        <a
                          href="/groceries/en-GB/shop/frozen-food/frozen-meat-and-poultry/frozen-bbq-meat-and-chicken/frozen-bbq-meat"
                          class="styled__Anchor-sc-1xbujuz-0 cFilde beans-link__anchor"
                          ><span
                            class="styled__Text-sc-1xbujuz-1 fyDIEo beans-link__text"
                            >Rest of
                            <span class="visually-hidden">Frozen BBQ Meat</span>
                            shelf</span
                          ><span
                            class="styled__IconContainer-sc-1xbujuz-2 bSauSL beans-link__icon-container"
                            ><svg
                              aria-hidden="true"
                              class="styled__SVG-xxa4wh-1 hQMCqc beans-link__icon beans-icon__svg"
                              height="13.33"
                              preserveAspectRatio="xMinYMax meet"
                              viewBox="-1 0 12 20"
                              width="8"
                              xmlns="http://www.w3.org/2000/svg"
                              color="currentColor"
                            >
                              <path
                                d="M1.312 1.348L10.276 10l-8.964 8.644"
                                fill="none"
                                stroke="currentColor"
                              ></path></svg></span
                        ></a>
                      </div>
                      <div class="product-info-message-section">
                        <div class="product-info-message-list"></div>
                      </div>
                    </div>
                    <div
                      class="styles__StyledPromotionsWithBuyBoxWrapper-dvv1wj-8 cZskDh"
                    >
                      <div
                        class="styles__StyledPromotionsAboveMobile-dvv1wj-7 iPTMuo"
                      >
                        <div
                          class="styles__StyledPromotionsWithClubcardPriceContainer-sc-1vdpoop-0 bsPFbn"
                        >
                          <div
                            class="styles__StyledClubcardLogo-sc-1vdpoop-2 elOZEB"
                          >
                            <div
                              class="styles__Wrapper-sc-1d2phhy-0 hgBuQG undefined special-offer-sash"
                            >
                              <span
                                class="styles__CircleWrapper-sc-1d2phhy-2 hCbzjm"
                                ><strong
                                  class="styles__TextWrapper-sc-1d2phhy-1 bLXNGg"
                                  >Clubcard Price</strong
                                ></span
                              >
                            </div>
                          </div>
                          <a href="/groceries/en-GB/promotions/88501107"
                            ><div
                              class="styles__ProductPromotionStyling-sc-1vdpoop-3 cKitpL"
                            >
                              <div
                                class="styles__StyledPromotionsOfferContent-sc-1vdpoop-1 cPSekc"
                              >
                                <span class="offer-text"
                                  >Any 2 for £5 Clubcard Price - Selected Tesco
                                  Frozen Fire Pit 240g - 800g</span
                                >
                              </div>
                              <span class="dates"
                                >Offer valid for delivery from 14/04/2022 until
                                19/09/2022</span
                              >
                            </div></a
                          >
                        </div>
                      </div>
                      <div class="styles__StyledBuyBoxWrapper-dvv1wj-4 dSvjUC">
                        <div
                          class="styles__StyledBuyBoxContainer-sc-1wx0qp6-0 dAXuso"
                          data-auto="buybox-container"
                        >
                          <form
                            action="/groceries/en-GB/trolley/items/310109067?_method=PUT"
                            method="POST"
                            quantitytype="simple-quantity"
                            class="styles__SafeFormWrapper-jtpu2t-0 lcrYKS"
                          >
                            <input type="submit" class="hidden" /><input
                              type="hidden"
                              name="id"
                              value="310109067"
                            /><input
                              type="hidden"
                              name="identifier"
                              value="Page"
                            /><input
                              type="hidden"
                              name="anchorId"
                              value="#tile-310109067"
                            /><input
                              type="hidden"
                              name="returnUrl"
                              value="/groceries/en-GB/shop/summer-bbq/bbq-steaks-and-meats/all?page=1&amp;count=48#tile-310109067"
                            /><input
                              type="hidden"
                              name="backToUrl"
                              value="#"
                            /><input
                              type="hidden"
                              name="oldValue"
                              value="0"
                            /><input
                              type="hidden"
                              name="oldUnitChoice"
                              value="pcs"
                            /><input
                              type="hidden"
                              name="newUnitChoice"
                              value="pcs"
                            />
                            <div
                              class="base-components__RootElement-sc-1mosoyj-1 styled__Container-sc-6nhkzi-0 jptQqM hSNpTb beans-buybox__container"
                            >
                              <div
                                class="base-components__BaseElement-sc-1mosoyj-0 styled__PriceAndActions-sc-6nhkzi-3 oznwo eEPLov beans-buybox__price-and-actions"
                              >
                                <div
                                  class="base-components__RootElement-sc-1mosoyj-1 styled__Container-sc-8qlq5b-0 jptQqM bgZrjw styled__StyledPrice-sc-6nhkzi-5 iYHeik beans-buybox__price beans-price__container"
                                >
                                  <p
                                    class="styled__StyledHeading-sc-119w3hf-2 jWPEtj styled__Text-sc-8qlq5b-1 lnaeiZ beans-price__text"
                                  >
                                    £3.00
                                  </p>
                                  <p
                                    class="styled__StyledFootnote-sc-119w3hf-7 icrlVF styled__Subtext-sc-8qlq5b-2 bNJmdc beans-price__subtext"
                                  >
                                    £4.69/kg
                                  </p>
                                </div>
                                <div
                                  class="base-components__RootElement-sc-1mosoyj-1 styled__Container-vtxwzb-0 jptQqM bDFhXJ beans-buybox__actions beans-quantity-controls__container"
                                >
                                  <div
                                    class="base-components__RootElement-sc-1mosoyj-1 styled__Container-sc-16t2b2a-0 jptQqM PUfgZ styled__StyledFormGroup-vtxwzb-1 kzKuAr beans-quantity-controls__form-group beans-form-group__container"
                                  >
                                    <label
                                      class="styled__StyledLabel-sc-1ttuvhr-0 bwxooU beans-form-group__label beans-label"
                                      for="quantity-controls-310109067"
                                      >Quantity controls<!-- -->
                                    </label>
                                    <div
                                      class="base-components__BaseElement-sc-1mosoyj-0 styled__Children-sc-16t2b2a-3 oznwo gdJvjO beans-form-group__children"
                                    >
                                      <div
                                        class="styled__StyledQuantityControlWrapper-vtxwzb-6 LCxOg"
                                      >
                                        <label
                                          id="quantity-controls-310109067-label"
                                          class="styled__VisuallyHiddenLabel-vtxwzb-7 gXlLiM"
                                          >add Tesco Fire Pit 8 Jumbo Pork
                                          Sausages 640G to basket</label
                                        ><input
                                          type="number"
                                          class="base-components__RootElement-sc-1mosoyj-1 styled__StyledInput-sc-1jd5f57-0 jptQqM hupFMH styled__StyledInput-vtxwzb-3 lwMHo beans-quantity-controls__input beans-input"
                                          data-auto="beans-quantity-controls-input"
                                          autocomplete="off"
                                          id="quantity-controls-310109067"
                                          maxlength="2"
                                          name="newValue"
                                          aria-labelledby="quantity-controls-310109067-label"
                                          value="1"
                                        />
                                      </div>
                                      <button
                                        class="styled__BaseButton-rsekm1-0 styled__PrimaryButton-rsekm1-2 jChbeY geeWOF styled__StyledButton-vtxwzb-5 japAxb beans-quantity-controls__add-button beans-button__container"
                                        type="submit"
                                        data-auto="beans-quantity-controls-add-button"
                                        aria-label="add Tesco Fire Pit 8 Jumbo Pork Sausages 640G to basket"
                                      >
                                        <span
                                          class="base-components__BaseElement-sc-1mosoyj-0 styled__InnerContainer-rsekm1-1 oznwo fuFres beans-button__inner-container"
                                          ><span
                                            class="base-components__BaseElement-sc-1mosoyj-0 styled__TextSpan-rsekm1-4 oznwo GDiMp beans-button__text"
                                            >Add</span
                                          ></span
                                        >
                                      </button>
                                    </div>
                                  </div>
                                </div>
                              </div>
                            </div>
                            <input
                              type="hidden"
                              name="_csrf"
                              value="IF27hEy7-e8rc-JXh6PMvwMk_UVHaG6Azp1k"
                            />
                          </form>
                        </div>
                      </div>
                    </div>
                  </div>
                  <div class="hidden-medium product-info-section-small">
                    <div class="product-info-message-list"></div>
                  </div>
                </div>
                <div class="styles__StyledPromotionsMobile-dvv1wj-6 Bxaeb">
                  <div>
                    <div
                      class="styles__StyledPromotionsWithClubcardPriceContainer-sc-1vdpoop-0 bsPFbn"
                    >
                      <div
                        class="styles__StyledClubcardLogo-sc-1vdpoop-2 elOZEB"
                      >
                        <div
                          class="styles__Wrapper-sc-1d2phhy-0 hgBuQG undefined special-offer-sash"
                        >
                          <span
                            class="styles__CircleWrapper-sc-1d2phhy-2 hCbzjm"
                            ><strong
                              class="styles__TextWrapper-sc-1d2phhy-1 bLXNGg"
                              >Clubcard Price</strong
                            ></span
                          >
                        </div>
                      </div>
                      <a href="/groceries/en-GB/promotions/88501107"
                        ><div
                          class="styles__ProductPromotionStyling-sc-1vdpoop-3 cKitpL"
                        >
                          <div
                            class="styles__StyledPromotionsOfferContent-sc-1vdpoop-1 cPSekc"
                          >
                            <span class="offer-text"
                              >Any 2 for £5 Clubcard Price - Selected Tesco
                              Frozen Fire Pit 240g - 800g</span
                            >
                          </div>
                          <span class="dates"
                            >Offer valid for delivery from 14/04/2022 until
                            19/09/2022</span
                          >
                        </div></a
                      >
                    </div>
                  </div>
                </div>
              </div>
            </div>
          </div>
        </li>
        <li class="product-list--list-item">
          <div class="styles__StyledVerticalTileWrapper-dvv1wj-0 dtCNPH">
            <div
              data-auto="product-tile"
              data-auto-type="Quantity"
              data-auto-available="true"
              data-auto-is-restricted-disabled="false"
              data-auto-is-substitute="false"
              class="styles__StyledVerticalTile-dvv1wj-1 hJqNin"
            >
              <div
                class="styles__StyledTileContentWrapper-dvv1wj-2 bkNhNP beans"
              >
                <div
                  id="tile-272826678"
                  data-auto-id="272826678"
                  class="styles__StyledTiledContent-dvv1wj-3 bcglTg"
                >
                  <a
                    href="/groceries/en-GB/products/272826678"
                    aria-hidden="true"
                    class="product-image-wrapper"
                    tabindex="1"
                    ><div class="product-image__container">
                      <picture
                        ><img
                          class="styled__Image-sjvkdn-0 bJErKA product-image beans-responsive-image__image"
                          src="https://digitalcontent.api.tesco.com/v2/media/ghs/f0f99161-ff31-446f-8b26-218339f9d7cf/6a0514a2-818a-42f3-aa60-698180fc4c09.jpeg?h=225&amp;w=225"
                          srcset="
                            https://digitalcontent.api.tesco.com/v2/media/ghs/f0f99161-ff31-446f-8b26-218339f9d7cf/6a0514a2-818a-42f3-aa60-698180fc4c09.jpeg?h=225&amp;w=225  768w,
                            https://digitalcontent.api.tesco.com/v2/media/ghs/f0f99161-ff31-446f-8b26-218339f9d7cf/6a0514a2-818a-42f3-aa60-698180fc4c09.jpeg?h=225&amp;w=225 4000w
                          "
                          alt="Tesco Fire Pit Sweet Chilli Chicken Thighs 900G"
                      /></picture></div
                  ></a>
                  <div class="product-details--wrapper">
                    <h3>
                      <a
                        href="/groceries/en-GB/products/272826678"
                        class="styled__Anchor-sc-1xbujuz-0 bmBCJq beans-link__anchor"
                        data-auto="product-tile--title"
                        ><span
                          class="styled__Text-sc-1xbujuz-1 ldbwMG beans-link__text"
                          >Tesco Fire Pit Sweet Chilli Chicken Thighs 900G</span
                        ></a
                      >
                    </h3>
                    <div
                      class="styles__StyledProductDetailsContent-dvv1wj-5 ddRSrq"
                    >
                      <a
                        href="/groceries/en-GB/reviews/submission/272826678?from=%2Fshop%2Fsummer-bbq%2Fbbq-steaks-and-meats%2Fall%3Fpage%3D1%26count%3D48"
                        aria-label="Write a review for Tesco Fire Pit Sweet Chilli Chicken Thighs 900G"
                        class="styled__Anchor-sc-1xbujuz-0 cFilde beans-link__anchor"
                        data-auto="review-link"
                        ><span
                          class="styled__Text-sc-1xbujuz-1 fyDIEo beans-link__text"
                          >Write a review</span
                        ><span
                          class="styled__IconContainer-sc-1xbujuz-2 bSauSL beans-link__icon-container"
                          ><svg
                            aria-hidden="true"
                            class="styled__SVG-xxa4wh-1 hQMCqc beans-link__icon beans-icon__svg"
                            height="13.33"
                            preserveAspectRatio="xMinYMax meet"
                            viewBox="-1 0 12 20"
                            width="8"
                            xmlns="http://www.w3.org/2000/svg"
                            color="currentColor"
                          >
                            <path
                              d="M1.312 1.348L10.276 10l-8.964 8.644"
                              fill="none"
                              stroke="currentColor"
                            ></path></svg></span
                      ></a>
                      <div>
                        <a
                          href="/groceries/en-GB/shop/fresh-food/fresh-meat-and-poultry/fresh-chicken/chicken-thighs-legs-drumsticks-and-wings"
                          class="styled__Anchor-sc-1xbujuz-0 cFilde beans-link__anchor"
                          ><span
                            class="styled__Text-sc-1xbujuz-1 fyDIEo beans-link__text"
                            >Rest of
                            <span class="visually-hidden"
                              >Chicken Thighs Legs Drumsticks &amp; Wings</span
                            >
                            shelf</span
                          ><span
                            class="styled__IconContainer-sc-1xbujuz-2 bSauSL beans-link__icon-container"
                            ><svg
                              aria-hidden="true"
                              class="styled__SVG-xxa4wh-1 hQMCqc beans-link__icon beans-icon__svg"
                              height="13.33"
                              preserveAspectRatio="xMinYMax meet"
                              viewBox="-1 0 12 20"
                              width="8"
                              xmlns="http://www.w3.org/2000/svg"
                              color="currentColor"
                            >
                              <path
                                d="M1.312 1.348L10.276 10l-8.964 8.644"
                                fill="none"
                                stroke="currentColor"
                              ></path></svg></span
                        ></a>
                      </div>
                      <div class="product-info-message-section">
                        <div class="product-info-message-list"></div>
                      </div>
                    </div>
                    <div
                      class="styles__StyledPromotionsWithBuyBoxWrapper-dvv1wj-8 cZskDh"
                    >
                      <div
                        class="styles__StyledPromotionsAboveMobile-dvv1wj-7 iPTMuo"
                      >
                        <div
                          class="styles__StyledPromotionsWithClubcardPriceContainer-sc-1vdpoop-0 bsPFbn"
                        >
                          <div
                            class="styles__StyledClubcardLogo-sc-1vdpoop-2 elOZEB"
                          >
                            <div
                              class="styles__Wrapper-sc-1d2phhy-0 hgBuQG undefined special-offer-sash"
                            >
                              <span
                                class="styles__CircleWrapper-sc-1d2phhy-2 hCbzjm"
                                ><strong
                                  class="styles__TextWrapper-sc-1d2phhy-1 bLXNGg"
                                  >Clubcard Price</strong
                                ></span
                              >
                            </div>
                          </div>
                          <a href="/groceries/en-GB/promotions/88496145"
                            ><div
                              class="styles__ProductPromotionStyling-sc-1vdpoop-3 cKitpL"
                            >
                              <div
                                class="styles__StyledPromotionsOfferContent-sc-1vdpoop-1 cPSekc"
                              >
                                <span class="offer-text"
                                  >Any 2 for £8 Clubcard Price - Selected Tesco
                                  Ready To Cook &amp; Bbq Products 180g -
                                  1120g</span
                                >
                              </div>
                              <span class="dates"
                                >Offer valid for delivery from 25/05/2022 until
                                14/06/2022</span
                              >
                            </div></a
                          >
                        </div>
                      </div>
                      <div class="styles__StyledBuyBoxWrapper-dvv1wj-4 dSvjUC">
                        <div
                          class="styles__StyledBuyBoxContainer-sc-1wx0qp6-0 dAXuso"
                          data-auto="buybox-container"
                        >
                          <form
                            action="/groceries/en-GB/trolley/items/272826678?_method=PUT"
                            method="POST"
                            quantitytype="simple-quantity"
                            class="styles__SafeFormWrapper-jtpu2t-0 lcrYKS"
                          >
                            <input type="submit" class="hidden" /><input
                              type="hidden"
                              name="id"
                              value="272826678"
                            /><input
                              type="hidden"
                              name="identifier"
                              value="Page"
                            /><input
                              type="hidden"
                              name="anchorId"
                              value="#tile-272826678"
                            /><input
                              type="hidden"
                              name="returnUrl"
                              value="/groceries/en-GB/shop/summer-bbq/bbq-steaks-and-meats/all?page=1&amp;count=48#tile-272826678"
                            /><input
                              type="hidden"
                              name="backToUrl"
                              value="#"
                            /><input
                              type="hidden"
                              name="oldValue"
                              value="0"
                            /><input
                              type="hidden"
                              name="oldUnitChoice"
                              value="pcs"
                            /><input
                              type="hidden"
                              name="newUnitChoice"
                              value="pcs"
                            />
                            <div
                              class="base-components__RootElement-sc-1mosoyj-1 styled__Container-sc-6nhkzi-0 jptQqM hSNpTb beans-buybox__container"
                            >
                              <div
                                class="base-components__BaseElement-sc-1mosoyj-0 styled__PriceAndActions-sc-6nhkzi-3 oznwo eEPLov beans-buybox__price-and-actions"
                              >
                                <div
                                  class="base-components__RootElement-sc-1mosoyj-1 styled__Container-sc-8qlq5b-0 jptQqM bgZrjw styled__StyledPrice-sc-6nhkzi-5 iYHeik beans-buybox__price beans-price__container"
                                >
                                  <p
                                    class="styled__StyledHeading-sc-119w3hf-2 jWPEtj styled__Text-sc-8qlq5b-1 lnaeiZ beans-price__text"
                                  >
                                    £4.50
                                  </p>
                                  <p
                                    class="styled__StyledFootnote-sc-119w3hf-7 icrlVF styled__Subtext-sc-8qlq5b-2 bNJmdc beans-price__subtext"
                                  >
                                    £5.00/kg
                                  </p>
                                </div>
                                <div
                                  class="base-components__RootElement-sc-1mosoyj-1 styled__Container-vtxwzb-0 jptQqM bDFhXJ beans-buybox__actions beans-quantity-controls__container"
                                >
                                  <div
                                    class="base-components__RootElement-sc-1mosoyj-1 styled__Container-sc-16t2b2a-0 jptQqM PUfgZ styled__StyledFormGroup-vtxwzb-1 kzKuAr beans-quantity-controls__form-group beans-form-group__container"
                                  >
                                    <label
                                      class="styled__StyledLabel-sc-1ttuvhr-0 bwxooU beans-form-group__label beans-label"
                                      for="quantity-controls-272826678"
                                      >Quantity controls<!-- -->
                                    </label>
                                    <div
                                      class="base-components__BaseElement-sc-1mosoyj-0 styled__Children-sc-16t2b2a-3 oznwo gdJvjO beans-form-group__children"
                                    >
                                      <div
                                        class="styled__StyledQuantityControlWrapper-vtxwzb-6 LCxOg"
                                      >
                                        <label
                                          id="quantity-controls-272826678-label"
                                          class="styled__VisuallyHiddenLabel-vtxwzb-7 gXlLiM"
                                          >add Tesco Fire Pit Sweet Chilli
                                          Chicken Thighs 900G to basket</label
                                        ><input
                                          type="number"
                                          class="base-components__RootElement-sc-1mosoyj-1 styled__StyledInput-sc-1jd5f57-0 jptQqM hupFMH styled__StyledInput-vtxwzb-3 lwMHo beans-quantity-controls__input beans-input"
                                          data-auto="beans-quantity-controls-input"
                                          autocomplete="off"
                                          id="quantity-controls-272826678"
                                          maxlength="2"
                                          name="newValue"
                                          aria-labelledby="quantity-controls-272826678-label"
                                          value="1"
                                        />
                                      </div>
                                      <button
                                        class="styled__BaseButton-rsekm1-0 styled__PrimaryButton-rsekm1-2 jChbeY geeWOF styled__StyledButton-vtxwzb-5 japAxb beans-quantity-controls__add-button beans-button__container"
                                        type="submit"
                                        data-auto="beans-quantity-controls-add-button"
                                        aria-label="add Tesco Fire Pit Sweet Chilli Chicken Thighs 900G to basket"
                                      >
                                        <span
                                          class="base-components__BaseElement-sc-1mosoyj-0 styled__InnerContainer-rsekm1-1 oznwo fuFres beans-button__inner-container"
                                          ><span
                                            class="base-components__BaseElement-sc-1mosoyj-0 styled__TextSpan-rsekm1-4 oznwo GDiMp beans-button__text"
                                            >Add</span
                                          ></span
                                        >
                                      </button>
                                    </div>
                                  </div>
                                </div>
                              </div>
                            </div>
                            <input
                              type="hidden"
                              name="_csrf"
                              value="IF27hEy7-e8rc-JXh6PMvwMk_UVHaG6Azp1k"
                            />
                          </form>
                        </div>
                      </div>
                    </div>
                  </div>
                  <div class="hidden-medium product-info-section-small">
                    <div class="product-info-message-list"></div>
                  </div>
                </div>
                <div class="styles__StyledPromotionsMobile-dvv1wj-6 Bxaeb">
                  <div>
                    <div
                      class="styles__StyledPromotionsWithClubcardPriceContainer-sc-1vdpoop-0 bsPFbn"
                    >
                      <div
                        class="styles__StyledClubcardLogo-sc-1vdpoop-2 elOZEB"
                      >
                        <div
                          class="styles__Wrapper-sc-1d2phhy-0 hgBuQG undefined special-offer-sash"
                        >
                          <span
                            class="styles__CircleWrapper-sc-1d2phhy-2 hCbzjm"
                            ><strong
                              class="styles__TextWrapper-sc-1d2phhy-1 bLXNGg"
                              >Clubcard Price</strong
                            ></span
                          >
                        </div>
                      </div>
                      <a href="/groceries/en-GB/promotions/88496145"
                        ><div
                          class="styles__ProductPromotionStyling-sc-1vdpoop-3 cKitpL"
                        >
                          <div
                            class="styles__StyledPromotionsOfferContent-sc-1vdpoop-1 cPSekc"
                          >
                            <span class="offer-text"
                              >Any 2 for £8 Clubcard Price - Selected Tesco
                              Ready To Cook &amp; Bbq Products 180g -
                              1120g</span
                            >
                          </div>
                          <span class="dates"
                            >Offer valid for delivery from 25/05/2022 until
                            14/06/2022</span
                          >
                        </div></a
                      >
                    </div>
                  </div>
                </div>
              </div>
            </div>
          </div>
        </li>
        <li class="product-list--list-item">
          <div class="styles__StyledVerticalTileWrapper-dvv1wj-0 dtCNPH">
            <div
              data-auto="product-tile"
              data-auto-type="Quantity"
              data-auto-available="true"
              data-auto-is-restricted-disabled="false"
              data-auto-is-substitute="false"
              class="styles__StyledVerticalTile-dvv1wj-1 hJqNin"
            >
              <div
                class="styles__StyledTileContentWrapper-dvv1wj-2 bkNhNP beans"
              >
                <div
                  id="tile-310118140"
                  data-auto-id="310118140"
                  class="styles__StyledTiledContent-dvv1wj-3 bcglTg"
                >
                  <a
                    href="/groceries/en-GB/products/310118140"
                    aria-hidden="true"
                    class="product-image-wrapper"
                    tabindex="1"
                    ><div class="product-image__container">
                      <picture
                        ><img
                          class="styled__Image-sjvkdn-0 bJErKA product-image beans-responsive-image__image"
                          src="https://digitalcontent.api.tesco.com/v2/media/ghs/22cccde8-fca7-42d0-a05f-8aa53dd49510/140eddab-aadd-4e01-b86c-8e494e71b977.jpeg?h=225&amp;w=225"
                          srcset="
                            https://digitalcontent.api.tesco.com/v2/media/ghs/22cccde8-fca7-42d0-a05f-8aa53dd49510/140eddab-aadd-4e01-b86c-8e494e71b977.jpeg?h=225&amp;w=225  768w,
                            https://digitalcontent.api.tesco.com/v2/media/ghs/22cccde8-fca7-42d0-a05f-8aa53dd49510/140eddab-aadd-4e01-b86c-8e494e71b977.jpeg?h=225&amp;w=225 4000w
                          "
                          alt="Tesco Fire Pit 4 Spicy Beef Kofta Kebabs 240G"
                      /></picture></div
                  ></a>
                  <div class="product-details--wrapper">
                    <h3>
                      <a
                        href="/groceries/en-GB/products/310118140"
                        class="styled__Anchor-sc-1xbujuz-0 bmBCJq beans-link__anchor"
                        data-auto="product-tile--title"
                        ><span
                          class="styled__Text-sc-1xbujuz-1 ldbwMG beans-link__text"
                          >Tesco Fire Pit 4 Spicy Beef Kofta Kebabs 240G</span
                        ></a
                      >
                    </h3>
                    <div
                      class="styles__StyledProductDetailsContent-dvv1wj-5 ddRSrq"
                    >
                      <a
                        href="/groceries/en-GB/reviews/submission/310118140?from=%2Fshop%2Fsummer-bbq%2Fbbq-steaks-and-meats%2Fall%3Fpage%3D1%26count%3D48"
                        aria-label="Write a review for Tesco Fire Pit 4 Spicy Beef Kofta Kebabs 240G"
                        class="styled__Anchor-sc-1xbujuz-0 cFilde beans-link__anchor"
                        data-auto="review-link"
                        ><span
                          class="styled__Text-sc-1xbujuz-1 fyDIEo beans-link__text"
                          >Write a review</span
                        ><span
                          class="styled__IconContainer-sc-1xbujuz-2 bSauSL beans-link__icon-container"
                          ><svg
                            aria-hidden="true"
                            class="styled__SVG-xxa4wh-1 hQMCqc beans-link__icon beans-icon__svg"
                            height="13.33"
                            preserveAspectRatio="xMinYMax meet"
                            viewBox="-1 0 12 20"
                            width="8"
                            xmlns="http://www.w3.org/2000/svg"
                            color="currentColor"
                          >
                            <path
                              d="M1.312 1.348L10.276 10l-8.964 8.644"
                              fill="none"
                              stroke="currentColor"
                            ></path></svg></span
                      ></a>
                      <div>
                        <a
                          href="/groceries/en-GB/shop/frozen-food/frozen-meat-and-poultry/frozen-bbq-meat-and-chicken/frozen-bbq-meat"
                          class="styled__Anchor-sc-1xbujuz-0 cFilde beans-link__anchor"
                          ><span
                            class="styled__Text-sc-1xbujuz-1 fyDIEo beans-link__text"
                            >Rest of
                            <span class="visually-hidden">Frozen BBQ Meat</span>
                            shelf</span
                          ><span
                            class="styled__IconContainer-sc-1xbujuz-2 bSauSL beans-link__icon-container"
                            ><svg
                              aria-hidden="true"
                              class="styled__SVG-xxa4wh-1 hQMCqc beans-link__icon beans-icon__svg"
                              height="13.33"
                              preserveAspectRatio="xMinYMax meet"
                              viewBox="-1 0 12 20"
                              width="8"
                              xmlns="http://www.w3.org/2000/svg"
                              color="currentColor"
                            >
                              <path
                                d="M1.312 1.348L10.276 10l-8.964 8.644"
                                fill="none"
                                stroke="currentColor"
                              ></path></svg></span
                        ></a>
                      </div>
                      <div class="product-info-message-section">
                        <div class="product-info-message-list"></div>
                      </div>
                    </div>
                    <div
                      class="styles__StyledPromotionsWithBuyBoxWrapper-dvv1wj-8 cZskDh"
                    >
                      <div
                        class="styles__StyledPromotionsAboveMobile-dvv1wj-7 iPTMuo"
                      >
                        <div
                          class="styles__StyledPromotionsWithClubcardPriceContainer-sc-1vdpoop-0 bsPFbn"
                        >
                          <div
                            class="styles__StyledClubcardLogo-sc-1vdpoop-2 elOZEB"
                          >
                            <div
                              class="styles__Wrapper-sc-1d2phhy-0 hgBuQG undefined special-offer-sash"
                            >
                              <span
                                class="styles__CircleWrapper-sc-1d2phhy-2 hCbzjm"
                                ><strong
                                  class="styles__TextWrapper-sc-1d2phhy-1 bLXNGg"
                                  >Clubcard Price</strong
                                ></span
                              >
                            </div>
                          </div>
                          <a href="/groceries/en-GB/promotions/88501107"
                            ><div
                              class="styles__ProductPromotionStyling-sc-1vdpoop-3 cKitpL"
                            >
                              <div
                                class="styles__StyledPromotionsOfferContent-sc-1vdpoop-1 cPSekc"
                              >
                                <span class="offer-text"
                                  >Any 2 for £5 Clubcard Price - Selected Tesco
                                  Frozen Fire Pit 240g - 800g</span
                                >
                              </div>
                              <span class="dates"
                                >Offer valid for delivery from 14/04/2022 until
                                19/09/2022</span
                              >
                            </div></a
                          >
                        </div>
                      </div>
                      <div class="styles__StyledBuyBoxWrapper-dvv1wj-4 dSvjUC">
                        <div
                          class="styles__StyledBuyBoxContainer-sc-1wx0qp6-0 dAXuso"
                          data-auto="buybox-container"
                        >
                          <form
                            action="/groceries/en-GB/trolley/items/310118140?_method=PUT"
                            method="POST"
                            quantitytype="simple-quantity"
                            class="styles__SafeFormWrapper-jtpu2t-0 lcrYKS"
                          >
                            <input type="submit" class="hidden" /><input
                              type="hidden"
                              name="id"
                              value="310118140"
                            /><input
                              type="hidden"
                              name="identifier"
                              value="Page"
                            /><input
                              type="hidden"
                              name="anchorId"
                              value="#tile-310118140"
                            /><input
                              type="hidden"
                              name="returnUrl"
                              value="/groceries/en-GB/shop/summer-bbq/bbq-steaks-and-meats/all?page=1&amp;count=48#tile-310118140"
                            /><input
                              type="hidden"
                              name="backToUrl"
                              value="#"
                            /><input
                              type="hidden"
                              name="oldValue"
                              value="0"
                            /><input
                              type="hidden"
                              name="oldUnitChoice"
                              value="pcs"
                            /><input
                              type="hidden"
                              name="newUnitChoice"
                              value="pcs"
                            />
                            <div
                              class="base-components__RootElement-sc-1mosoyj-1 styled__Container-sc-6nhkzi-0 jptQqM hSNpTb beans-buybox__container"
                            >
                              <div
                                class="base-components__BaseElement-sc-1mosoyj-0 styled__PriceAndActions-sc-6nhkzi-3 oznwo eEPLov beans-buybox__price-and-actions"
                              >
                                <div
                                  class="base-components__RootElement-sc-1mosoyj-1 styled__Container-sc-8qlq5b-0 jptQqM bgZrjw styled__StyledPrice-sc-6nhkzi-5 iYHeik beans-buybox__price beans-price__container"
                                >
                                  <p
                                    class="styled__StyledHeading-sc-119w3hf-2 jWPEtj styled__Text-sc-8qlq5b-1 lnaeiZ beans-price__text"
                                  >
                                    £3.00
                                  </p>
                                  <p
                                    class="styled__StyledFootnote-sc-119w3hf-7 icrlVF styled__Subtext-sc-8qlq5b-2 bNJmdc beans-price__subtext"
                                  >
                                    £12.50/kg
                                  </p>
                                </div>
                                <div
                                  class="base-components__RootElement-sc-1mosoyj-1 styled__Container-vtxwzb-0 jptQqM bDFhXJ beans-buybox__actions beans-quantity-controls__container"
                                >
                                  <div
                                    class="base-components__RootElement-sc-1mosoyj-1 styled__Container-sc-16t2b2a-0 jptQqM PUfgZ styled__StyledFormGroup-vtxwzb-1 kzKuAr beans-quantity-controls__form-group beans-form-group__container"
                                  >
                                    <label
                                      class="styled__StyledLabel-sc-1ttuvhr-0 bwxooU beans-form-group__label beans-label"
                                      for="quantity-controls-310118140"
                                      >Quantity controls<!-- -->
                                    </label>
                                    <div
                                      class="base-components__BaseElement-sc-1mosoyj-0 styled__Children-sc-16t2b2a-3 oznwo gdJvjO beans-form-group__children"
                                    >
                                      <div
                                        class="styled__StyledQuantityControlWrapper-vtxwzb-6 LCxOg"
                                      >
                                        <label
                                          id="quantity-controls-310118140-label"
                                          class="styled__VisuallyHiddenLabel-vtxwzb-7 gXlLiM"
                                          >add Tesco Fire Pit 4 Spicy Beef Kofta
                                          Kebabs 240G to basket</label
                                        ><input
                                          type="number"
                                          class="base-components__RootElement-sc-1mosoyj-1 styled__StyledInput-sc-1jd5f57-0 jptQqM hupFMH styled__StyledInput-vtxwzb-3 lwMHo beans-quantity-controls__input beans-input"
                                          data-auto="beans-quantity-controls-input"
                                          autocomplete="off"
                                          id="quantity-controls-310118140"
                                          maxlength="2"
                                          name="newValue"
                                          aria-labelledby="quantity-controls-310118140-label"
                                          value="1"
                                        />
                                      </div>
                                      <button
                                        class="styled__BaseButton-rsekm1-0 styled__PrimaryButton-rsekm1-2 jChbeY geeWOF styled__StyledButton-vtxwzb-5 japAxb beans-quantity-controls__add-button beans-button__container"
                                        type="submit"
                                        data-auto="beans-quantity-controls-add-button"
                                        aria-label="add Tesco Fire Pit 4 Spicy Beef Kofta Kebabs 240G to basket"
                                      >
                                        <span
                                          class="base-components__BaseElement-sc-1mosoyj-0 styled__InnerContainer-rsekm1-1 oznwo fuFres beans-button__inner-container"
                                          ><span
                                            class="base-components__BaseElement-sc-1mosoyj-0 styled__TextSpan-rsekm1-4 oznwo GDiMp beans-button__text"
                                            >Add</span
                                          ></span
                                        >
                                      </button>
                                    </div>
                                  </div>
                                </div>
                              </div>
                            </div>
                            <input
                              type="hidden"
                              name="_csrf"
                              value="IF27hEy7-e8rc-JXh6PMvwMk_UVHaG6Azp1k"
                            />
                          </form>
                        </div>
                      </div>
                    </div>
                  </div>
                  <div class="hidden-medium product-info-section-small">
                    <div class="product-info-message-list"></div>
                  </div>
                </div>
                <div class="styles__StyledPromotionsMobile-dvv1wj-6 Bxaeb">
                  <div>
                    <div
                      class="styles__StyledPromotionsWithClubcardPriceContainer-sc-1vdpoop-0 bsPFbn"
                    >
                      <div
                        class="styles__StyledClubcardLogo-sc-1vdpoop-2 elOZEB"
                      >
                        <div
                          class="styles__Wrapper-sc-1d2phhy-0 hgBuQG undefined special-offer-sash"
                        >
                          <span
                            class="styles__CircleWrapper-sc-1d2phhy-2 hCbzjm"
                            ><strong
                              class="styles__TextWrapper-sc-1d2phhy-1 bLXNGg"
                              >Clubcard Price</strong
                            ></span
                          >
                        </div>
                      </div>
                      <a href="/groceries/en-GB/promotions/88501107"
                        ><div
                          class="styles__ProductPromotionStyling-sc-1vdpoop-3 cKitpL"
                        >
                          <div
                            class="styles__StyledPromotionsOfferContent-sc-1vdpoop-1 cPSekc"
                          >
                            <span class="offer-text"
                              >Any 2 for £5 Clubcard Price - Selected Tesco
                              Frozen Fire Pit 240g - 800g</span
                            >
                          </div>
                          <span class="dates"
                            >Offer valid for delivery from 14/04/2022 until
                            19/09/2022</span
                          >
                        </div></a
                      >
                    </div>
                  </div>
                </div>
              </div>
            </div>
          </div>
        </li>
        <li class="product-list--list-item">
          <div class="styles__StyledVerticalTileWrapper-dvv1wj-0 dtCNPH">
            <div
              data-auto="product-tile"
              data-auto-type="Quantity"
              data-auto-available="true"
              data-auto-is-restricted-disabled="false"
              data-auto-is-substitute="false"
              class="styles__StyledVerticalTile-dvv1wj-1 hJqNin"
            >
              <div
                class="styles__StyledTileContentWrapper-dvv1wj-2 bkNhNP beans"
              >
                <div
                  id="tile-287187264"
                  data-auto-id="287187264"
                  class="styles__StyledTiledContent-dvv1wj-3 bcglTg"
                >
                  <a
                    href="/groceries/en-GB/products/287187264"
                    aria-hidden="true"
                    class="product-image-wrapper"
                    tabindex="1"
                    ><div class="product-image__container">
                      <picture
                        ><img
                          class="styled__Image-sjvkdn-0 bJErKA product-image beans-responsive-image__image"
                          src="https://digitalcontent.api.tesco.com/v2/media/ghs/242d4b46-8e0f-4158-9db3-f264b3e79f31/f64ff58d-b4a7-4a6a-9a4e-c72ceffa3a39.jpeg?h=225&amp;w=225"
                          srcset="
                            https://digitalcontent.api.tesco.com/v2/media/ghs/242d4b46-8e0f-4158-9db3-f264b3e79f31/f64ff58d-b4a7-4a6a-9a4e-c72ceffa3a39.jpeg?h=225&amp;w=225  768w,
                            https://digitalcontent.api.tesco.com/v2/media/ghs/242d4b46-8e0f-4158-9db3-f264b3e79f31/f64ff58d-b4a7-4a6a-9a4e-c72ceffa3a39.jpeg?h=225&amp;w=225 4000w
                          "
                          alt="Tesco 4 Chicken &amp; Chorizo Kebabs 272G"
                      /></picture></div
                  ></a>
                  <div class="product-details--wrapper">
                    <h3>
                      <a
                        href="/groceries/en-GB/products/287187264"
                        class="styled__Anchor-sc-1xbujuz-0 bmBCJq beans-link__anchor"
                        data-auto="product-tile--title"
                        ><span
                          class="styled__Text-sc-1xbujuz-1 ldbwMG beans-link__text"
                          >Tesco 4 Chicken &amp; Chorizo Kebabs 272G</span
                        ></a
                      >
                    </h3>
                    <div
                      class="styles__StyledProductDetailsContent-dvv1wj-5 ddRSrq"
                    >
                      <a
                        href="/groceries/en-GB/reviews/submission/287187264?from=%2Fshop%2Fsummer-bbq%2Fbbq-steaks-and-meats%2Fall%3Fpage%3D1%26count%3D48"
                        aria-label="Write a review for Tesco 4 Chicken &amp; Chorizo Kebabs 272G"
                        class="styled__Anchor-sc-1xbujuz-0 cFilde beans-link__anchor"
                        data-auto="review-link"
                        ><span
                          class="styled__Text-sc-1xbujuz-1 fyDIEo beans-link__text"
                          >Write a review</span
                        ><span
                          class="styled__IconContainer-sc-1xbujuz-2 bSauSL beans-link__icon-container"
                          ><svg
                            aria-hidden="true"
                            class="styled__SVG-xxa4wh-1 hQMCqc beans-link__icon beans-icon__svg"
                            height="13.33"
                            preserveAspectRatio="xMinYMax meet"
                            viewBox="-1 0 12 20"
                            width="8"
                            xmlns="http://www.w3.org/2000/svg"
                            color="currentColor"
                          >
                            <path
                              d="M1.312 1.348L10.276 10l-8.964 8.644"
                              fill="none"
                              stroke="currentColor"
                            ></path></svg></span
                      ></a>
                      <div>
                        <a
                          href="/groceries/en-GB/shop/fresh-food/fresh-meat-and-poultry/ready-to-cook/ready-to-cook-chicken"
                          class="styled__Anchor-sc-1xbujuz-0 cFilde beans-link__anchor"
                          ><span
                            class="styled__Text-sc-1xbujuz-1 fyDIEo beans-link__text"
                            >Rest of
                            <span class="visually-hidden"
                              >Ready to Cook Chicken</span
                            >
                            shelf</span
                          ><span
                            class="styled__IconContainer-sc-1xbujuz-2 bSauSL beans-link__icon-container"
                            ><svg
                              aria-hidden="true"
                              class="styled__SVG-xxa4wh-1 hQMCqc beans-link__icon beans-icon__svg"
                              height="13.33"
                              preserveAspectRatio="xMinYMax meet"
                              viewBox="-1 0 12 20"
                              width="8"
                              xmlns="http://www.w3.org/2000/svg"
                              color="currentColor"
                            >
                              <path
                                d="M1.312 1.348L10.276 10l-8.964 8.644"
                                fill="none"
                                stroke="currentColor"
                              ></path></svg></span
                        ></a>
                      </div>
                      <div class="product-info-message-section">
                        <div class="product-info-message-list"></div>
                      </div>
                    </div>
                    <div
                      class="styles__StyledPromotionsWithBuyBoxWrapper-dvv1wj-8 cZskDh"
                    >
                      <div
                        class="styles__StyledPromotionsAboveMobile-dvv1wj-7 iPTMuo"
                      >
                        <div
                          class="styles__StyledPromotionsWithClubcardPriceContainer-sc-1vdpoop-0 bsPFbn"
                        >
                          <div
                            class="styles__StyledClubcardLogo-sc-1vdpoop-2 elOZEB"
                          >
                            <div
                              class="styles__Wrapper-sc-1d2phhy-0 hgBuQG undefined special-offer-sash"
                            >
                              <span
                                class="styles__CircleWrapper-sc-1d2phhy-2 hCbzjm"
                                ><strong
                                  class="styles__TextWrapper-sc-1d2phhy-1 bLXNGg"
                                  >Clubcard Price</strong
                                ></span
                              >
                            </div>
                          </div>
                          <a href="/groceries/en-GB/promotions/88496145"
                            ><div
                              class="styles__ProductPromotionStyling-sc-1vdpoop-3 cKitpL"
                            >
                              <div
                                class="styles__StyledPromotionsOfferContent-sc-1vdpoop-1 cPSekc"
                              >
                                <span class="offer-text"
                                  >Any 2 for £8 Clubcard Price - Selected Tesco
                                  Ready To Cook &amp; Bbq Products 180g -
                                  1120g</span
                                >
                              </div>
                              <span class="dates"
                                >Offer valid for delivery from 25/05/2022 until
                                14/06/2022</span
                              >
                            </div></a
                          >
                        </div>
                      </div>
                      <div class="styles__StyledBuyBoxWrapper-dvv1wj-4 dSvjUC">
                        <div
                          class="styles__StyledBuyBoxContainer-sc-1wx0qp6-0 dAXuso"
                          data-auto="buybox-container"
                        >
                          <form
                            action="/groceries/en-GB/trolley/items/287187264?_method=PUT"
                            method="POST"
                            quantitytype="simple-quantity"
                            class="styles__SafeFormWrapper-jtpu2t-0 lcrYKS"
                          >
                            <input type="submit" class="hidden" /><input
                              type="hidden"
                              name="id"
                              value="287187264"
                            /><input
                              type="hidden"
                              name="identifier"
                              value="Page"
                            /><input
                              type="hidden"
                              name="anchorId"
                              value="#tile-287187264"
                            /><input
                              type="hidden"
                              name="returnUrl"
                              value="/groceries/en-GB/shop/summer-bbq/bbq-steaks-and-meats/all?page=1&amp;count=48#tile-287187264"
                            /><input
                              type="hidden"
                              name="backToUrl"
                              value="#"
                            /><input
                              type="hidden"
                              name="oldValue"
                              value="0"
                            /><input
                              type="hidden"
                              name="oldUnitChoice"
                              value="pcs"
                            /><input
                              type="hidden"
                              name="newUnitChoice"
                              value="pcs"
                            />
                            <div
                              class="base-components__RootElement-sc-1mosoyj-1 styled__Container-sc-6nhkzi-0 jptQqM hSNpTb beans-buybox__container"
                            >
                              <div
                                class="base-components__BaseElement-sc-1mosoyj-0 styled__PriceAndActions-sc-6nhkzi-3 oznwo eEPLov beans-buybox__price-and-actions"
                              >
                                <div
                                  class="base-components__RootElement-sc-1mosoyj-1 styled__Container-sc-8qlq5b-0 jptQqM bgZrjw styled__StyledPrice-sc-6nhkzi-5 iYHeik beans-buybox__price beans-price__container"
                                >
                                  <p
                                    class="styled__StyledHeading-sc-119w3hf-2 jWPEtj styled__Text-sc-8qlq5b-1 lnaeiZ beans-price__text"
                                  >
                                    £4.50
                                  </p>
                                  <p
                                    class="styled__StyledFootnote-sc-119w3hf-7 icrlVF styled__Subtext-sc-8qlq5b-2 bNJmdc beans-price__subtext"
                                  >
                                    £16.55/kg
                                  </p>
                                </div>
                                <div
                                  class="base-components__RootElement-sc-1mosoyj-1 styled__Container-vtxwzb-0 jptQqM bDFhXJ beans-buybox__actions beans-quantity-controls__container"
                                >
                                  <div
                                    class="base-components__RootElement-sc-1mosoyj-1 styled__Container-sc-16t2b2a-0 jptQqM PUfgZ styled__StyledFormGroup-vtxwzb-1 kzKuAr beans-quantity-controls__form-group beans-form-group__container"
                                  >
                                    <label
                                      class="styled__StyledLabel-sc-1ttuvhr-0 bwxooU beans-form-group__label beans-label"
                                      for="quantity-controls-287187264"
                                      >Quantity controls<!-- -->
                                    </label>
                                    <div
                                      class="base-components__BaseElement-sc-1mosoyj-0 styled__Children-sc-16t2b2a-3 oznwo gdJvjO beans-form-group__children"
                                    >
                                      <div
                                        class="styled__StyledQuantityControlWrapper-vtxwzb-6 LCxOg"
                                      >
                                        <label
                                          id="quantity-controls-287187264-label"
                                          class="styled__VisuallyHiddenLabel-vtxwzb-7 gXlLiM"
                                          >add Tesco 4 Chicken &amp; Chorizo
                                          Kebabs 272G to basket</label
                                        ><input
                                          type="number"
                                          class="base-components__RootElement-sc-1mosoyj-1 styled__StyledInput-sc-1jd5f57-0 jptQqM hupFMH styled__StyledInput-vtxwzb-3 lwMHo beans-quantity-controls__input beans-input"
                                          data-auto="beans-quantity-controls-input"
                                          autocomplete="off"
                                          id="quantity-controls-287187264"
                                          maxlength="2"
                                          name="newValue"
                                          aria-labelledby="quantity-controls-287187264-label"
                                          value="1"
                                        />
                                      </div>
                                      <button
                                        class="styled__BaseButton-rsekm1-0 styled__PrimaryButton-rsekm1-2 jChbeY geeWOF styled__StyledButton-vtxwzb-5 japAxb beans-quantity-controls__add-button beans-button__container"
                                        type="submit"
                                        data-auto="beans-quantity-controls-add-button"
                                        aria-label="add Tesco 4 Chicken &amp; Chorizo Kebabs 272G to basket"
                                      >
                                        <span
                                          class="base-components__BaseElement-sc-1mosoyj-0 styled__InnerContainer-rsekm1-1 oznwo fuFres beans-button__inner-container"
                                          ><span
                                            class="base-components__BaseElement-sc-1mosoyj-0 styled__TextSpan-rsekm1-4 oznwo GDiMp beans-button__text"
                                            >Add</span
                                          ></span
                                        >
                                      </button>
                                    </div>
                                  </div>
                                </div>
                              </div>
                            </div>
                            <input
                              type="hidden"
                              name="_csrf"
                              value="IF27hEy7-e8rc-JXh6PMvwMk_UVHaG6Azp1k"
                            />
                          </form>
                        </div>
                      </div>
                    </div>
                  </div>
                  <div class="hidden-medium product-info-section-small">
                    <div class="product-info-message-list"></div>
                  </div>
                </div>
                <div class="styles__StyledPromotionsMobile-dvv1wj-6 Bxaeb">
                  <div>
                    <div
                      class="styles__StyledPromotionsWithClubcardPriceContainer-sc-1vdpoop-0 bsPFbn"
                    >
                      <div
                        class="styles__StyledClubcardLogo-sc-1vdpoop-2 elOZEB"
                      >
                        <div
                          class="styles__Wrapper-sc-1d2phhy-0 hgBuQG undefined special-offer-sash"
                        >
                          <span
                            class="styles__CircleWrapper-sc-1d2phhy-2 hCbzjm"
                            ><strong
                              class="styles__TextWrapper-sc-1d2phhy-1 bLXNGg"
                              >Clubcard Price</strong
                            ></span
                          >
                        </div>
                      </div>
                      <a href="/groceries/en-GB/promotions/88496145"
                        ><div
                          class="styles__ProductPromotionStyling-sc-1vdpoop-3 cKitpL"
                        >
                          <div
                            class="styles__StyledPromotionsOfferContent-sc-1vdpoop-1 cPSekc"
                          >
                            <span class="offer-text"
                              >Any 2 for £8 Clubcard Price - Selected Tesco
                              Ready To Cook &amp; Bbq Products 180g -
                              1120g</span
                            >
                          </div>
                          <span class="dates"
                            >Offer valid for delivery from 25/05/2022 until
                            14/06/2022</span
                          >
                        </div></a
                      >
                    </div>
                  </div>
                </div>
              </div>
            </div>
          </div>
        </li>
        <li class="product-list--list-item">
          <div class="styles__StyledVerticalTileWrapper-dvv1wj-0 dtCNPH">
            <div
              data-auto="product-tile"
              data-auto-type="Quantity"
              data-auto-available="true"
              data-auto-is-restricted-disabled="false"
              data-auto-is-substitute="false"
              class="styles__StyledVerticalTile-dvv1wj-1 hJqNin"
            >
              <div
                class="styles__StyledTileContentWrapper-dvv1wj-2 bkNhNP beans"
              >
                <div
                  id="tile-287259646"
                  data-auto-id="287259646"
                  class="styles__StyledTiledContent-dvv1wj-3 bcglTg"
                >
                  <a
                    href="/groceries/en-GB/products/287259646"
                    aria-hidden="true"
                    class="product-image-wrapper"
                    tabindex="1"
                    ><div class="product-image__container">
                      <picture
                        ><img
                          class="styled__Image-sjvkdn-0 bJErKA product-image beans-responsive-image__image"
                          src="https://digitalcontent.api.tesco.com/v2/media/ghs/08b0b251-7046-465f-a39a-f29d33c8dcb2/321f082e-dde0-4bdf-b6a2-80e14662c55f.jpeg?h=225&amp;w=225"
                          srcset="
                            https://digitalcontent.api.tesco.com/v2/media/ghs/08b0b251-7046-465f-a39a-f29d33c8dcb2/321f082e-dde0-4bdf-b6a2-80e14662c55f.jpeg?h=225&amp;w=225  768w,
                            https://digitalcontent.api.tesco.com/v2/media/ghs/08b0b251-7046-465f-a39a-f29d33c8dcb2/321f082e-dde0-4bdf-b6a2-80e14662c55f.jpeg?h=225&amp;w=225 4000w
                          "
                          alt="Tesco Fire Pit 6 Bbq Maple Pork Loin Steaks 600G"
                      /></picture></div
                  ></a>
                  <div class="product-details--wrapper">
                    <h3>
                      <a
                        href="/groceries/en-GB/products/287259646"
                        class="styled__Anchor-sc-1xbujuz-0 bmBCJq beans-link__anchor"
                        data-auto="product-tile--title"
                        ><span
                          class="styled__Text-sc-1xbujuz-1 ldbwMG beans-link__text"
                          >Tesco Fire Pit 6 Bbq Maple Pork Loin Steaks
                          600G</span
                        ></a
                      >
                    </h3>
                    <div
                      class="styles__StyledProductDetailsContent-dvv1wj-5 ddRSrq"
                    >
                      <a
                        href="/groceries/en-GB/reviews/submission/287259646?from=%2Fshop%2Fsummer-bbq%2Fbbq-steaks-and-meats%2Fall%3Fpage%3D1%26count%3D48"
                        aria-label="Write a review for Tesco Fire Pit 6 Bbq Maple Pork Loin Steaks 600G"
                        class="styled__Anchor-sc-1xbujuz-0 cFilde beans-link__anchor"
                        data-auto="review-link"
                        ><span
                          class="styled__Text-sc-1xbujuz-1 fyDIEo beans-link__text"
                          >Write a review</span
                        ><span
                          class="styled__IconContainer-sc-1xbujuz-2 bSauSL beans-link__icon-container"
                          ><svg
                            aria-hidden="true"
                            class="styled__SVG-xxa4wh-1 hQMCqc beans-link__icon beans-icon__svg"
                            height="13.33"
                            preserveAspectRatio="xMinYMax meet"
                            viewBox="-1 0 12 20"
                            width="8"
                            xmlns="http://www.w3.org/2000/svg"
                            color="currentColor"
                          >
                            <path
                              d="M1.312 1.348L10.276 10l-8.964 8.644"
                              fill="none"
                              stroke="currentColor"
                            ></path></svg></span
                      ></a>
                      <div>
                        <a
                          href="/groceries/en-GB/shop/fresh-food/fresh-meat-and-poultry/fresh-pork/pork-steaks-and-chops"
                          class="styled__Anchor-sc-1xbujuz-0 cFilde beans-link__anchor"
                          ><span
                            class="styled__Text-sc-1xbujuz-1 fyDIEo beans-link__text"
                            >Rest of
                            <span class="visually-hidden"
                              >Pork Steaks &amp; Chops</span
                            >
                            shelf</span
                          ><span
                            class="styled__IconContainer-sc-1xbujuz-2 bSauSL beans-link__icon-container"
                            ><svg
                              aria-hidden="true"
                              class="styled__SVG-xxa4wh-1 hQMCqc beans-link__icon beans-icon__svg"
                              height="13.33"
                              preserveAspectRatio="xMinYMax meet"
                              viewBox="-1 0 12 20"
                              width="8"
                              xmlns="http://www.w3.org/2000/svg"
                              color="currentColor"
                            >
                              <path
                                d="M1.312 1.348L10.276 10l-8.964 8.644"
                                fill="none"
                                stroke="currentColor"
                              ></path></svg></span
                        ></a>
                      </div>
                      <div class="product-info-message-section">
                        <div class="product-info-message-list"></div>
                      </div>
                    </div>
                    <div
                      class="styles__StyledPromotionsWithBuyBoxWrapper-dvv1wj-8 cZskDh"
                    >
                      <div
                        class="styles__StyledPromotionsAboveMobile-dvv1wj-7 iPTMuo"
                      >
                        <div
                          class="styles__StyledPromotionsWithClubcardPriceContainer-sc-1vdpoop-0 bsPFbn"
                        >
                          <div
                            class="styles__StyledClubcardLogo-sc-1vdpoop-2 elOZEB"
                          >
                            <div
                              class="styles__Wrapper-sc-1d2phhy-0 hgBuQG undefined special-offer-sash"
                            >
                              <span
                                class="styles__CircleWrapper-sc-1d2phhy-2 hCbzjm"
                                ><strong
                                  class="styles__TextWrapper-sc-1d2phhy-1 bLXNGg"
                                  >Clubcard Price</strong
                                ></span
                              >
                            </div>
                          </div>
                          <a href="/groceries/en-GB/promotions/88496145"
                            ><div
                              class="styles__ProductPromotionStyling-sc-1vdpoop-3 cKitpL"
                            >
                              <div
                                class="styles__StyledPromotionsOfferContent-sc-1vdpoop-1 cPSekc"
                              >
                                <span class="offer-text"
                                  >Any 2 for £8 Clubcard Price - Selected Tesco
                                  Ready To Cook &amp; Bbq Products 180g -
                                  1120g</span
                                >
                              </div>
                              <span class="dates"
                                >Offer valid for delivery from 25/05/2022 until
                                14/06/2022</span
                              >
                            </div></a
                          >
                        </div>
                      </div>
                      <div class="styles__StyledBuyBoxWrapper-dvv1wj-4 dSvjUC">
                        <div
                          class="styles__StyledBuyBoxContainer-sc-1wx0qp6-0 dAXuso"
                          data-auto="buybox-container"
                        >
                          <form
                            action="/groceries/en-GB/trolley/items/287259646?_method=PUT"
                            method="POST"
                            quantitytype="simple-quantity"
                            class="styles__SafeFormWrapper-jtpu2t-0 lcrYKS"
                          >
                            <input type="submit" class="hidden" /><input
                              type="hidden"
                              name="id"
                              value="287259646"
                            /><input
                              type="hidden"
                              name="identifier"
                              value="Page"
                            /><input
                              type="hidden"
                              name="anchorId"
                              value="#tile-287259646"
                            /><input
                              type="hidden"
                              name="returnUrl"
                              value="/groceries/en-GB/shop/summer-bbq/bbq-steaks-and-meats/all?page=1&amp;count=48#tile-287259646"
                            /><input
                              type="hidden"
                              name="backToUrl"
                              value="#"
                            /><input
                              type="hidden"
                              name="oldValue"
                              value="0"
                            /><input
                              type="hidden"
                              name="oldUnitChoice"
                              value="pcs"
                            /><input
                              type="hidden"
                              name="newUnitChoice"
                              value="pcs"
                            />
                            <div
                              class="base-components__RootElement-sc-1mosoyj-1 styled__Container-sc-6nhkzi-0 jptQqM hSNpTb beans-buybox__container"
                            >
                              <div
                                class="base-components__BaseElement-sc-1mosoyj-0 styled__PriceAndActions-sc-6nhkzi-3 oznwo eEPLov beans-buybox__price-and-actions"
                              >
                                <div
                                  class="base-components__RootElement-sc-1mosoyj-1 styled__Container-sc-8qlq5b-0 jptQqM bgZrjw styled__StyledPrice-sc-6nhkzi-5 iYHeik beans-buybox__price beans-price__container"
                                >
                                  <p
                                    class="styled__StyledHeading-sc-119w3hf-2 jWPEtj styled__Text-sc-8qlq5b-1 lnaeiZ beans-price__text"
                                  >
                                    £4.50
                                  </p>
                                  <p
                                    class="styled__StyledFootnote-sc-119w3hf-7 icrlVF styled__Subtext-sc-8qlq5b-2 bNJmdc beans-price__subtext"
                                  >
                                    £7.50/kg
                                  </p>
                                </div>
                                <div
                                  class="base-components__RootElement-sc-1mosoyj-1 styled__Container-vtxwzb-0 jptQqM bDFhXJ beans-buybox__actions beans-quantity-controls__container"
                                >
                                  <div
                                    class="base-components__RootElement-sc-1mosoyj-1 styled__Container-sc-16t2b2a-0 jptQqM PUfgZ styled__StyledFormGroup-vtxwzb-1 kzKuAr beans-quantity-controls__form-group beans-form-group__container"
                                  >
                                    <label
                                      class="styled__StyledLabel-sc-1ttuvhr-0 bwxooU beans-form-group__label beans-label"
                                      for="quantity-controls-287259646"
                                      >Quantity controls<!-- -->
                                    </label>
                                    <div
                                      class="base-components__BaseElement-sc-1mosoyj-0 styled__Children-sc-16t2b2a-3 oznwo gdJvjO beans-form-group__children"
                                    >
                                      <div
                                        class="styled__StyledQuantityControlWrapper-vtxwzb-6 LCxOg"
                                      >
                                        <label
                                          id="quantity-controls-287259646-label"
                                          class="styled__VisuallyHiddenLabel-vtxwzb-7 gXlLiM"
                                          >add Tesco Fire Pit 6 Bbq Maple Pork
                                          Loin Steaks 600G to basket</label
                                        ><input
                                          type="number"
                                          class="base-components__RootElement-sc-1mosoyj-1 styled__StyledInput-sc-1jd5f57-0 jptQqM hupFMH styled__StyledInput-vtxwzb-3 lwMHo beans-quantity-controls__input beans-input"
                                          data-auto="beans-quantity-controls-input"
                                          autocomplete="off"
                                          id="quantity-controls-287259646"
                                          maxlength="2"
                                          name="newValue"
                                          aria-labelledby="quantity-controls-287259646-label"
                                          value="1"
                                        />
                                      </div>
                                      <button
                                        class="styled__BaseButton-rsekm1-0 styled__PrimaryButton-rsekm1-2 jChbeY geeWOF styled__StyledButton-vtxwzb-5 japAxb beans-quantity-controls__add-button beans-button__container"
                                        type="submit"
                                        data-auto="beans-quantity-controls-add-button"
                                        aria-label="add Tesco Fire Pit 6 Bbq Maple Pork Loin Steaks 600G to basket"
                                      >
                                        <span
                                          class="base-components__BaseElement-sc-1mosoyj-0 styled__InnerContainer-rsekm1-1 oznwo fuFres beans-button__inner-container"
                                          ><span
                                            class="base-components__BaseElement-sc-1mosoyj-0 styled__TextSpan-rsekm1-4 oznwo GDiMp beans-button__text"
                                            >Add</span
                                          ></span
                                        >
                                      </button>
                                    </div>
                                  </div>
                                </div>
                              </div>
                            </div>
                            <input
                              type="hidden"
                              name="_csrf"
                              value="IF27hEy7-e8rc-JXh6PMvwMk_UVHaG6Azp1k"
                            />
                          </form>
                        </div>
                      </div>
                    </div>
                  </div>
                  <div class="hidden-medium product-info-section-small">
                    <div class="product-info-message-list"></div>
                  </div>
                </div>
                <div class="styles__StyledPromotionsMobile-dvv1wj-6 Bxaeb">
                  <div>
                    <div
                      class="styles__StyledPromotionsWithClubcardPriceContainer-sc-1vdpoop-0 bsPFbn"
                    >
                      <div
                        class="styles__StyledClubcardLogo-sc-1vdpoop-2 elOZEB"
                      >
                        <div
                          class="styles__Wrapper-sc-1d2phhy-0 hgBuQG undefined special-offer-sash"
                        >
                          <span
                            class="styles__CircleWrapper-sc-1d2phhy-2 hCbzjm"
                            ><strong
                              class="styles__TextWrapper-sc-1d2phhy-1 bLXNGg"
                              >Clubcard Price</strong
                            ></span
                          >
                        </div>
                      </div>
                      <a href="/groceries/en-GB/promotions/88496145"
                        ><div
                          class="styles__ProductPromotionStyling-sc-1vdpoop-3 cKitpL"
                        >
                          <div
                            class="styles__StyledPromotionsOfferContent-sc-1vdpoop-1 cPSekc"
                          >
                            <span class="offer-text"
                              >Any 2 for £8 Clubcard Price - Selected Tesco
                              Ready To Cook &amp; Bbq Products 180g -
                              1120g</span
                            >
                          </div>
                          <span class="dates"
                            >Offer valid for delivery from 25/05/2022 until
                            14/06/2022</span
                          >
                        </div></a
                      >
                    </div>
                  </div>
                </div>
              </div>
            </div>
          </div>
        </li>
        <li class="product-list--list-item">
          <div class="styles__StyledVerticalTileWrapper-dvv1wj-0 dtCNPH">
            <div
              data-auto="product-tile"
              data-auto-type="Quantity"
              data-auto-available="true"
              data-auto-is-restricted-disabled="false"
              data-auto-is-substitute="false"
              class="styles__StyledVerticalTile-dvv1wj-1 hJqNin"
            >
              <div
                class="styles__StyledTileContentWrapper-dvv1wj-2 bkNhNP beans"
              >
                <div
                  id="tile-291684453"
                  data-auto-id="291684453"
                  class="styles__StyledTiledContent-dvv1wj-3 bcglTg"
                >
                  <a
                    href="/groceries/en-GB/products/291684453"
                    aria-hidden="true"
                    class="product-image-wrapper"
                    tabindex="1"
                    ><div class="product-image__container">
                      <picture
                        ><img
                          class="styled__Image-sjvkdn-0 bJErKA product-image beans-responsive-image__image"
                          src="https://digitalcontent.api.tesco.com/v2/media/ghs/9296c69e-2457-4724-bb5a-2fed47665f9c/888ffb7e-648f-4e6c-8480-4988838c1e52.jpeg?h=225&amp;w=225"
                          srcset="
                            https://digitalcontent.api.tesco.com/v2/media/ghs/9296c69e-2457-4724-bb5a-2fed47665f9c/888ffb7e-648f-4e6c-8480-4988838c1e52.jpeg?h=225&amp;w=225  768w,
                            https://digitalcontent.api.tesco.com/v2/media/ghs/9296c69e-2457-4724-bb5a-2fed47665f9c/888ffb7e-648f-4e6c-8480-4988838c1e52.jpeg?h=225&amp;w=225 4000w
                          "
                          alt="Tesco Firepit 6 Chinese Style Pork Loin Steaks 600G"
                      /></picture></div
                  ></a>
                  <div class="product-details--wrapper">
                    <h3>
                      <a
                        href="/groceries/en-GB/products/291684453"
                        class="styled__Anchor-sc-1xbujuz-0 bmBCJq beans-link__anchor"
                        data-auto="product-tile--title"
                        ><span
                          class="styled__Text-sc-1xbujuz-1 ldbwMG beans-link__text"
                          >Tesco Firepit 6 Chinese Style Pork Loin Steaks
                          600G</span
                        ></a
                      >
                    </h3>
                    <div
                      class="styles__StyledProductDetailsContent-dvv1wj-5 ddRSrq"
                    >
                      <a
                        href="/groceries/en-GB/reviews/submission/291684453?from=%2Fshop%2Fsummer-bbq%2Fbbq-steaks-and-meats%2Fall%3Fpage%3D1%26count%3D48"
                        aria-label="Write a review for Tesco Firepit 6 Chinese Style Pork Loin Steaks 600G"
                        class="styled__Anchor-sc-1xbujuz-0 cFilde beans-link__anchor"
                        data-auto="review-link"
                        ><span
                          class="styled__Text-sc-1xbujuz-1 fyDIEo beans-link__text"
                          >Write a review</span
                        ><span
                          class="styled__IconContainer-sc-1xbujuz-2 bSauSL beans-link__icon-container"
                          ><svg
                            aria-hidden="true"
                            class="styled__SVG-xxa4wh-1 hQMCqc beans-link__icon beans-icon__svg"
                            height="13.33"
                            preserveAspectRatio="xMinYMax meet"
                            viewBox="-1 0 12 20"
                            width="8"
                            xmlns="http://www.w3.org/2000/svg"
                            color="currentColor"
                          >
                            <path
                              d="M1.312 1.348L10.276 10l-8.964 8.644"
                              fill="none"
                              stroke="currentColor"
                            ></path></svg></span
                      ></a>
                      <div>
                        <a
                          href="/groceries/en-GB/shop/fresh-food/fresh-meat-and-poultry/fresh-pork/pork-steaks-and-chops"
                          class="styled__Anchor-sc-1xbujuz-0 cFilde beans-link__anchor"
                          ><span
                            class="styled__Text-sc-1xbujuz-1 fyDIEo beans-link__text"
                            >Rest of
                            <span class="visually-hidden"
                              >Pork Steaks &amp; Chops</span
                            >
                            shelf</span
                          ><span
                            class="styled__IconContainer-sc-1xbujuz-2 bSauSL beans-link__icon-container"
                            ><svg
                              aria-hidden="true"
                              class="styled__SVG-xxa4wh-1 hQMCqc beans-link__icon beans-icon__svg"
                              height="13.33"
                              preserveAspectRatio="xMinYMax meet"
                              viewBox="-1 0 12 20"
                              width="8"
                              xmlns="http://www.w3.org/2000/svg"
                              color="currentColor"
                            >
                              <path
                                d="M1.312 1.348L10.276 10l-8.964 8.644"
                                fill="none"
                                stroke="currentColor"
                              ></path></svg></span
                        ></a>
                      </div>
                      <div class="product-info-message-section">
                        <div class="product-info-message-list"></div>
                      </div>
                    </div>
                    <div
                      class="styles__StyledPromotionsWithBuyBoxWrapper-dvv1wj-8 cZskDh"
                    >
                      <div
                        class="styles__StyledPromotionsAboveMobile-dvv1wj-7 iPTMuo"
                      >
                        <div
                          class="styles__StyledPromotionsWithClubcardPriceContainer-sc-1vdpoop-0 bsPFbn"
                        >
                          <div
                            class="styles__StyledClubcardLogo-sc-1vdpoop-2 elOZEB"
                          >
                            <div
                              class="styles__Wrapper-sc-1d2phhy-0 hgBuQG undefined special-offer-sash"
                            >
                              <span
                                class="styles__CircleWrapper-sc-1d2phhy-2 hCbzjm"
                                ><strong
                                  class="styles__TextWrapper-sc-1d2phhy-1 bLXNGg"
                                  >Clubcard Price</strong
                                ></span
                              >
                            </div>
                          </div>
                          <a href="/groceries/en-GB/promotions/88496145"
                            ><div
                              class="styles__ProductPromotionStyling-sc-1vdpoop-3 cKitpL"
                            >
                              <div
                                class="styles__StyledPromotionsOfferContent-sc-1vdpoop-1 cPSekc"
                              >
                                <span class="offer-text"
                                  >Any 2 for £8 Clubcard Price - Selected Tesco
                                  Ready To Cook &amp; Bbq Products 180g -
                                  1120g</span
                                >
                              </div>
                              <span class="dates"
                                >Offer valid for delivery from 25/05/2022 until
                                14/06/2022</span
                              >
                            </div></a
                          >
                        </div>
                      </div>
                      <div class="styles__StyledBuyBoxWrapper-dvv1wj-4 dSvjUC">
                        <div
                          class="styles__StyledBuyBoxContainer-sc-1wx0qp6-0 dAXuso"
                          data-auto="buybox-container"
                        >
                          <form
                            action="/groceries/en-GB/trolley/items/291684453?_method=PUT"
                            method="POST"
                            quantitytype="simple-quantity"
                            class="styles__SafeFormWrapper-jtpu2t-0 lcrYKS"
                          >
                            <input type="submit" class="hidden" /><input
                              type="hidden"
                              name="id"
                              value="291684453"
                            /><input
                              type="hidden"
                              name="identifier"
                              value="Page"
                            /><input
                              type="hidden"
                              name="anchorId"
                              value="#tile-291684453"
                            /><input
                              type="hidden"
                              name="returnUrl"
                              value="/groceries/en-GB/shop/summer-bbq/bbq-steaks-and-meats/all?page=1&amp;count=48#tile-291684453"
                            /><input
                              type="hidden"
                              name="backToUrl"
                              value="#"
                            /><input
                              type="hidden"
                              name="oldValue"
                              value="0"
                            /><input
                              type="hidden"
                              name="oldUnitChoice"
                              value="pcs"
                            /><input
                              type="hidden"
                              name="newUnitChoice"
                              value="pcs"
                            />
                            <div
                              class="base-components__RootElement-sc-1mosoyj-1 styled__Container-sc-6nhkzi-0 jptQqM hSNpTb beans-buybox__container"
                            >
                              <div
                                class="base-components__BaseElement-sc-1mosoyj-0 styled__PriceAndActions-sc-6nhkzi-3 oznwo eEPLov beans-buybox__price-and-actions"
                              >
                                <div
                                  class="base-components__RootElement-sc-1mosoyj-1 styled__Container-sc-8qlq5b-0 jptQqM bgZrjw styled__StyledPrice-sc-6nhkzi-5 iYHeik beans-buybox__price beans-price__container"
                                >
                                  <p
                                    class="styled__StyledHeading-sc-119w3hf-2 jWPEtj styled__Text-sc-8qlq5b-1 lnaeiZ beans-price__text"
                                  >
                                    £4.50
                                  </p>
                                  <p
                                    class="styled__StyledFootnote-sc-119w3hf-7 icrlVF styled__Subtext-sc-8qlq5b-2 bNJmdc beans-price__subtext"
                                  >
                                    £7.50/kg
                                  </p>
                                </div>
                                <div
                                  class="base-components__RootElement-sc-1mosoyj-1 styled__Container-vtxwzb-0 jptQqM bDFhXJ beans-buybox__actions beans-quantity-controls__container"
                                >
                                  <div
                                    class="base-components__RootElement-sc-1mosoyj-1 styled__Container-sc-16t2b2a-0 jptQqM PUfgZ styled__StyledFormGroup-vtxwzb-1 kzKuAr beans-quantity-controls__form-group beans-form-group__container"
                                  >
                                    <label
                                      class="styled__StyledLabel-sc-1ttuvhr-0 bwxooU beans-form-group__label beans-label"
                                      for="quantity-controls-291684453"
                                      >Quantity controls<!-- -->
                                    </label>
                                    <div
                                      class="base-components__BaseElement-sc-1mosoyj-0 styled__Children-sc-16t2b2a-3 oznwo gdJvjO beans-form-group__children"
                                    >
                                      <div
                                        class="styled__StyledQuantityControlWrapper-vtxwzb-6 LCxOg"
                                      >
                                        <label
                                          id="quantity-controls-291684453-label"
                                          class="styled__VisuallyHiddenLabel-vtxwzb-7 gXlLiM"
                                          >add Tesco Firepit 6 Chinese Style
                                          Pork Loin Steaks 600G to basket</label
                                        ><input
                                          type="number"
                                          class="base-components__RootElement-sc-1mosoyj-1 styled__StyledInput-sc-1jd5f57-0 jptQqM hupFMH styled__StyledInput-vtxwzb-3 lwMHo beans-quantity-controls__input beans-input"
                                          data-auto="beans-quantity-controls-input"
                                          autocomplete="off"
                                          id="quantity-controls-291684453"
                                          maxlength="2"
                                          name="newValue"
                                          aria-labelledby="quantity-controls-291684453-label"
                                          value="1"
                                        />
                                      </div>
                                      <button
                                        class="styled__BaseButton-rsekm1-0 styled__PrimaryButton-rsekm1-2 jChbeY geeWOF styled__StyledButton-vtxwzb-5 japAxb beans-quantity-controls__add-button beans-button__container"
                                        type="submit"
                                        data-auto="beans-quantity-controls-add-button"
                                        aria-label="add Tesco Firepit 6 Chinese Style Pork Loin Steaks 600G to basket"
                                      >
                                        <span
                                          class="base-components__BaseElement-sc-1mosoyj-0 styled__InnerContainer-rsekm1-1 oznwo fuFres beans-button__inner-container"
                                          ><span
                                            class="base-components__BaseElement-sc-1mosoyj-0 styled__TextSpan-rsekm1-4 oznwo GDiMp beans-button__text"
                                            >Add</span
                                          ></span
                                        >
                                      </button>
                                    </div>
                                  </div>
                                </div>
                              </div>
                            </div>
                            <input
                              type="hidden"
                              name="_csrf"
                              value="IF27hEy7-e8rc-JXh6PMvwMk_UVHaG6Azp1k"
                            />
                          </form>
                        </div>
                      </div>
                    </div>
                  </div>
                  <div class="hidden-medium product-info-section-small">
                    <div class="product-info-message-list"></div>
                  </div>
                </div>
                <div class="styles__StyledPromotionsMobile-dvv1wj-6 Bxaeb">
                  <div>
                    <div
                      class="styles__StyledPromotionsWithClubcardPriceContainer-sc-1vdpoop-0 bsPFbn"
                    >
                      <div
                        class="styles__StyledClubcardLogo-sc-1vdpoop-2 elOZEB"
                      >
                        <div
                          class="styles__Wrapper-sc-1d2phhy-0 hgBuQG undefined special-offer-sash"
                        >
                          <span
                            class="styles__CircleWrapper-sc-1d2phhy-2 hCbzjm"
                            ><strong
                              class="styles__TextWrapper-sc-1d2phhy-1 bLXNGg"
                              >Clubcard Price</strong
                            ></span
                          >
                        </div>
                      </div>
                      <a href="/groceries/en-GB/promotions/88496145"
                        ><div
                          class="styles__ProductPromotionStyling-sc-1vdpoop-3 cKitpL"
                        >
                          <div
                            class="styles__StyledPromotionsOfferContent-sc-1vdpoop-1 cPSekc"
                          >
                            <span class="offer-text"
                              >Any 2 for £8 Clubcard Price - Selected Tesco
                              Ready To Cook &amp; Bbq Products 180g -
                              1120g</span
                            >
                          </div>
                          <span class="dates"
                            >Offer valid for delivery from 25/05/2022 until
                            14/06/2022</span
                          >
                        </div></a
                      >
                    </div>
                  </div>
                </div>
              </div>
            </div>
          </div>
        </li>
        <li class="product-list--list-item">
          <div class="styles__StyledVerticalTileWrapper-dvv1wj-0 dtCNPH">
            <div
              data-auto="product-tile"
              data-auto-type="Quantity"
              data-auto-available="true"
              data-auto-is-restricted-disabled="false"
              data-auto-is-substitute="false"
              class="styles__StyledVerticalTile-dvv1wj-1 hJqNin"
            >
              <div
                class="styles__StyledTileContentWrapper-dvv1wj-2 bkNhNP beans"
              >
                <div
                  id="tile-308477494"
                  data-auto-id="308477494"
                  class="styles__StyledTiledContent-dvv1wj-3 bcglTg"
                >
                  <a
                    href="/groceries/en-GB/products/308477494"
                    aria-hidden="true"
                    class="product-image-wrapper"
                    tabindex="1"
                    ><div class="product-image__container">
                      <picture
                        ><img
                          class="styled__Image-sjvkdn-0 bJErKA product-image beans-responsive-image__image"
                          src="https://digitalcontent.api.tesco.com/v2/media/ghs/c87c8e59-3548-494f-9878-b94ac3f6caa2/220220c6-91a9-496a-8de9-dfe75896494c.jpeg?h=225&amp;w=225"
                          srcset="
                            https://digitalcontent.api.tesco.com/v2/media/ghs/c87c8e59-3548-494f-9878-b94ac3f6caa2/220220c6-91a9-496a-8de9-dfe75896494c.jpeg?h=225&amp;w=225  768w,
                            https://digitalcontent.api.tesco.com/v2/media/ghs/c87c8e59-3548-494f-9878-b94ac3f6caa2/220220c6-91a9-496a-8de9-dfe75896494c.jpeg?h=225&amp;w=225 4000w
                          "
                          alt="Tesco Finest Rump Steak 255G"
                      /></picture></div
                  ></a>
                  <div class="product-details--wrapper">
                    <h3>
                      <a
                        href="/groceries/en-GB/products/308477494"
                        class="styled__Anchor-sc-1xbujuz-0 bmBCJq beans-link__anchor"
                        data-auto="product-tile--title"
                        ><span
                          class="styled__Text-sc-1xbujuz-1 ldbwMG beans-link__text"
                          >Tesco Finest Rump Steak 255G</span
                        ></a
                      >
                    </h3>
                    <div
                      class="styles__StyledProductDetailsContent-dvv1wj-5 ddRSrq"
                    >
                      <a
                        href="/groceries/en-GB/reviews/submission/308477494?from=%2Fshop%2Fsummer-bbq%2Fbbq-steaks-and-meats%2Fall%3Fpage%3D1%26count%3D48"
                        aria-label="Write a review for Tesco Finest Rump Steak 255G"
                        class="styled__Anchor-sc-1xbujuz-0 cFilde beans-link__anchor"
                        data-auto="review-link"
                        ><span
                          class="styled__Text-sc-1xbujuz-1 fyDIEo beans-link__text"
                          >Write a review</span
                        ><span
                          class="styled__IconContainer-sc-1xbujuz-2 bSauSL beans-link__icon-container"
                          ><svg
                            aria-hidden="true"
                            class="styled__SVG-xxa4wh-1 hQMCqc beans-link__icon beans-icon__svg"
                            height="13.33"
                            preserveAspectRatio="xMinYMax meet"
                            viewBox="-1 0 12 20"
                            width="8"
                            xmlns="http://www.w3.org/2000/svg"
                            color="currentColor"
                          >
                            <path
                              d="M1.312 1.348L10.276 10l-8.964 8.644"
                              fill="none"
                              stroke="currentColor"
                            ></path></svg></span
                      ></a>
                      <div>
                        <a
                          href="/groceries/en-GB/shop/fresh-food/fresh-meat-and-poultry/fresh-beef/beef-steaks"
                          class="styled__Anchor-sc-1xbujuz-0 cFilde beans-link__anchor"
                          ><span
                            class="styled__Text-sc-1xbujuz-1 fyDIEo beans-link__text"
                            >Rest of
                            <span class="visually-hidden">Beef Steaks</span>
                            shelf</span
                          ><span
                            class="styled__IconContainer-sc-1xbujuz-2 bSauSL beans-link__icon-container"
                            ><svg
                              aria-hidden="true"
                              class="styled__SVG-xxa4wh-1 hQMCqc beans-link__icon beans-icon__svg"
                              height="13.33"
                              preserveAspectRatio="xMinYMax meet"
                              viewBox="-1 0 12 20"
                              width="8"
                              xmlns="http://www.w3.org/2000/svg"
                              color="currentColor"
                            >
                              <path
                                d="M1.312 1.348L10.276 10l-8.964 8.644"
                                fill="none"
                                stroke="currentColor"
                              ></path></svg></span
                        ></a>
                      </div>
                      <div class="product-info-message-section">
                        <div class="product-info-message-list"></div>
                      </div>
                    </div>
                    <div
                      class="styles__StyledPromotionsWithBuyBoxWrapper-dvv1wj-8 cZskDh"
                    >
                      <div
                        class="styles__StyledPromotionsAboveMobile-dvv1wj-7 iPTMuo"
                      >
                        <div
                          class="styles__StyledPromotionsWithClubcardPriceContainer-sc-1vdpoop-0 bsPFbn"
                        >
                          <div
                            class="styles__StyledClubcardLogo-sc-1vdpoop-2 elOZEB"
                          >
                            <div
                              class="styles__Wrapper-sc-1d2phhy-0 hgBuQG undefined special-offer-sash"
                            >
                              <span
                                class="styles__CircleWrapper-sc-1d2phhy-2 hCbzjm"
                                ><strong
                                  class="styles__TextWrapper-sc-1d2phhy-1 bLXNGg"
                                  >Clubcard Price</strong
                                ></span
                              >
                            </div>
                          </div>
                          <a href="/groceries/en-GB/promotions/88487519"
                            ><div
                              class="styles__ProductPromotionStyling-sc-1vdpoop-3 cKitpL"
                            >
                              <div
                                class="styles__StyledPromotionsOfferContent-sc-1vdpoop-1 cPSekc"
                              >
                                <span class="offer-text"
                                  >£4.00 Clubcard Price</span
                                >
                              </div>
                              <span class="dates"
                                >Offer valid for delivery from 25/05/2022 until
                                14/06/2022</span
                              >
                            </div></a
                          >
                        </div>
                      </div>
                      <div class="styles__StyledBuyBoxWrapper-dvv1wj-4 dSvjUC">
                        <div
                          class="styles__StyledBuyBoxContainer-sc-1wx0qp6-0 dAXuso"
                          data-auto="buybox-container"
                        >
                          <form
                            action="/groceries/en-GB/trolley/items/308477494?_method=PUT"
                            method="POST"
                            quantitytype="simple-quantity"
                            class="styles__SafeFormWrapper-jtpu2t-0 lcrYKS"
                          >
                            <input type="submit" class="hidden" /><input
                              type="hidden"
                              name="id"
                              value="308477494"
                            /><input
                              type="hidden"
                              name="identifier"
                              value="Page"
                            /><input
                              type="hidden"
                              name="anchorId"
                              value="#tile-308477494"
                            /><input
                              type="hidden"
                              name="returnUrl"
                              value="/groceries/en-GB/shop/summer-bbq/bbq-steaks-and-meats/all?page=1&amp;count=48#tile-308477494"
                            /><input
                              type="hidden"
                              name="backToUrl"
                              value="#"
                            /><input
                              type="hidden"
                              name="oldValue"
                              value="0"
                            /><input
                              type="hidden"
                              name="oldUnitChoice"
                              value="pcs"
                            /><input
                              type="hidden"
                              name="newUnitChoice"
                              value="pcs"
                            />
                            <div
                              class="base-components__RootElement-sc-1mosoyj-1 styled__Container-sc-6nhkzi-0 jptQqM hSNpTb beans-buybox__container"
                            >
                              <div
                                class="base-components__BaseElement-sc-1mosoyj-0 styled__PriceAndActions-sc-6nhkzi-3 oznwo eEPLov beans-buybox__price-and-actions"
                              >
                                <div
                                  class="base-components__RootElement-sc-1mosoyj-1 styled__Container-sc-8qlq5b-0 jptQqM bgZrjw styled__StyledPrice-sc-6nhkzi-5 iYHeik beans-buybox__price beans-price__container"
                                >
                                  <p
                                    class="styled__StyledHeading-sc-119w3hf-2 jWPEtj styled__Text-sc-8qlq5b-1 lnaeiZ beans-price__text"
                                  >
                                    £4.50
                                  </p>
                                  <p
                                    class="styled__StyledFootnote-sc-119w3hf-7 icrlVF styled__Subtext-sc-8qlq5b-2 bNJmdc beans-price__subtext"
                                  >
                                    £17.65/kg
                                  </p>
                                </div>
                                <div
                                  class="base-components__RootElement-sc-1mosoyj-1 styled__Container-vtxwzb-0 jptQqM bDFhXJ beans-buybox__actions beans-quantity-controls__container"
                                >
                                  <div
                                    class="base-components__RootElement-sc-1mosoyj-1 styled__Container-sc-16t2b2a-0 jptQqM PUfgZ styled__StyledFormGroup-vtxwzb-1 kzKuAr beans-quantity-controls__form-group beans-form-group__container"
                                  >
                                    <label
                                      class="styled__StyledLabel-sc-1ttuvhr-0 bwxooU beans-form-group__label beans-label"
                                      for="quantity-controls-308477494"
                                      >Quantity controls<!-- -->
                                    </label>
                                    <div
                                      class="base-components__BaseElement-sc-1mosoyj-0 styled__Children-sc-16t2b2a-3 oznwo gdJvjO beans-form-group__children"
                                    >
                                      <div
                                        class="styled__StyledQuantityControlWrapper-vtxwzb-6 LCxOg"
                                      >
                                        <label
                                          id="quantity-controls-308477494-label"
                                          class="styled__VisuallyHiddenLabel-vtxwzb-7 gXlLiM"
                                          >add Tesco Finest Rump Steak 255G to
                                          basket</label
                                        ><input
                                          type="number"
                                          class="base-components__RootElement-sc-1mosoyj-1 styled__StyledInput-sc-1jd5f57-0 jptQqM hupFMH styled__StyledInput-vtxwzb-3 lwMHo beans-quantity-controls__input beans-input"
                                          data-auto="beans-quantity-controls-input"
                                          autocomplete="off"
                                          id="quantity-controls-308477494"
                                          maxlength="2"
                                          name="newValue"
                                          aria-labelledby="quantity-controls-308477494-label"
                                          value="1"
                                        />
                                      </div>
                                      <button
                                        class="styled__BaseButton-rsekm1-0 styled__PrimaryButton-rsekm1-2 jChbeY geeWOF styled__StyledButton-vtxwzb-5 japAxb beans-quantity-controls__add-button beans-button__container"
                                        type="submit"
                                        data-auto="beans-quantity-controls-add-button"
                                        aria-label="add Tesco Finest Rump Steak 255G to basket"
                                      >
                                        <span
                                          class="base-components__BaseElement-sc-1mosoyj-0 styled__InnerContainer-rsekm1-1 oznwo fuFres beans-button__inner-container"
                                          ><span
                                            class="base-components__BaseElement-sc-1mosoyj-0 styled__TextSpan-rsekm1-4 oznwo GDiMp beans-button__text"
                                            >Add</span
                                          ></span
                                        >
                                      </button>
                                    </div>
                                  </div>
                                </div>
                              </div>
                            </div>
                            <input
                              type="hidden"
                              name="_csrf"
                              value="IF27hEy7-e8rc-JXh6PMvwMk_UVHaG6Azp1k"
                            />
                          </form>
                        </div>
                      </div>
                    </div>
                  </div>
                  <div class="hidden-medium product-info-section-small">
                    <div class="product-info-message-list"></div>
                  </div>
                </div>
                <div class="styles__StyledPromotionsMobile-dvv1wj-6 Bxaeb">
                  <div>
                    <div
                      class="styles__StyledPromotionsWithClubcardPriceContainer-sc-1vdpoop-0 bsPFbn"
                    >
                      <div
                        class="styles__StyledClubcardLogo-sc-1vdpoop-2 elOZEB"
                      >
                        <div
                          class="styles__Wrapper-sc-1d2phhy-0 hgBuQG undefined special-offer-sash"
                        >
                          <span
                            class="styles__CircleWrapper-sc-1d2phhy-2 hCbzjm"
                            ><strong
                              class="styles__TextWrapper-sc-1d2phhy-1 bLXNGg"
                              >Clubcard Price</strong
                            ></span
                          >
                        </div>
                      </div>
                      <a href="/groceries/en-GB/promotions/88487519"
                        ><div
                          class="styles__ProductPromotionStyling-sc-1vdpoop-3 cKitpL"
                        >
                          <div
                            class="styles__StyledPromotionsOfferContent-sc-1vdpoop-1 cPSekc"
                          >
                            <span class="offer-text">£4.00 Clubcard Price</span>
                          </div>
                          <span class="dates"
                            >Offer valid for delivery from 25/05/2022 until
                            14/06/2022</span
                          >
                        </div></a
                      >
                    </div>
                  </div>
                </div>
              </div>
            </div>
          </div>
        </li>
        <li class="product-list--list-item">
          <div class="styles__StyledVerticalTileWrapper-dvv1wj-0 dtCNPH">
            <div
              data-auto="product-tile"
              data-auto-type="Quantity"
              data-auto-available="true"
              data-auto-is-restricted-disabled="false"
              data-auto-is-substitute="false"
              class="styles__StyledVerticalTile-dvv1wj-1 hJqNin"
            >
              <div
                class="styles__StyledTileContentWrapper-dvv1wj-2 bkNhNP beans"
              >
                <div
                  id="tile-310137595"
                  data-auto-id="310137595"
                  class="styles__StyledTiledContent-dvv1wj-3 bcglTg"
                >
                  <a
                    href="/groceries/en-GB/products/310137595"
                    aria-hidden="true"
                    class="product-image-wrapper"
                    tabindex="1"
                    ><div class="product-image__container">
                      <picture
                        ><img
                          class="styled__Image-sjvkdn-0 bJErKA product-image beans-responsive-image__image"
                          src="https://digitalcontent.api.tesco.com/v2/media/ghs/3c03133a-dbd7-4745-8347-78dad76cd451/88dc458d-029e-4ab5-8960-e3ac74173739.jpeg?h=225&amp;w=225"
                          srcset="
                            https://digitalcontent.api.tesco.com/v2/media/ghs/3c03133a-dbd7-4745-8347-78dad76cd451/88dc458d-029e-4ab5-8960-e3ac74173739.jpeg?h=225&amp;w=225  768w,
                            https://digitalcontent.api.tesco.com/v2/media/ghs/3c03133a-dbd7-4745-8347-78dad76cd451/88dc458d-029e-4ab5-8960-e3ac74173739.jpeg?h=225&amp;w=225 4000w
                          "
                          alt="Tesco Fire Pit Chinese Style Pork Loin Steaks 400G"
                      /></picture></div
                  ></a>
                  <div class="product-details--wrapper">
                    <h3>
                      <a
                        href="/groceries/en-GB/products/310137595"
                        class="styled__Anchor-sc-1xbujuz-0 bmBCJq beans-link__anchor"
                        data-auto="product-tile--title"
                        ><span
                          class="styled__Text-sc-1xbujuz-1 ldbwMG beans-link__text"
                          >Tesco Fire Pit Chinese Style Pork Loin Steaks
                          400G</span
                        ></a
                      >
                    </h3>
                    <div
                      class="styles__StyledProductDetailsContent-dvv1wj-5 ddRSrq"
                    >
                      <a
                        href="/groceries/en-GB/reviews/submission/310137595?from=%2Fshop%2Fsummer-bbq%2Fbbq-steaks-and-meats%2Fall%3Fpage%3D1%26count%3D48"
                        aria-label="Write a review for Tesco Fire Pit Chinese Style Pork Loin Steaks 400G"
                        class="styled__Anchor-sc-1xbujuz-0 cFilde beans-link__anchor"
                        data-auto="review-link"
                        ><span
                          class="styled__Text-sc-1xbujuz-1 fyDIEo beans-link__text"
                          >Write a review</span
                        ><span
                          class="styled__IconContainer-sc-1xbujuz-2 bSauSL beans-link__icon-container"
                          ><svg
                            aria-hidden="true"
                            class="styled__SVG-xxa4wh-1 hQMCqc beans-link__icon beans-icon__svg"
                            height="13.33"
                            preserveAspectRatio="xMinYMax meet"
                            viewBox="-1 0 12 20"
                            width="8"
                            xmlns="http://www.w3.org/2000/svg"
                            color="currentColor"
                          >
                            <path
                              d="M1.312 1.348L10.276 10l-8.964 8.644"
                              fill="none"
                              stroke="currentColor"
                            ></path></svg></span
                      ></a>
                      <div>
                        <a
                          href="/groceries/en-GB/shop/frozen-food/frozen-meat-and-poultry/frozen-bbq-meat-and-chicken/frozen-bbq-meat"
                          class="styled__Anchor-sc-1xbujuz-0 cFilde beans-link__anchor"
                          ><span
                            class="styled__Text-sc-1xbujuz-1 fyDIEo beans-link__text"
                            >Rest of
                            <span class="visually-hidden">Frozen BBQ Meat</span>
                            shelf</span
                          ><span
                            class="styled__IconContainer-sc-1xbujuz-2 bSauSL beans-link__icon-container"
                            ><svg
                              aria-hidden="true"
                              class="styled__SVG-xxa4wh-1 hQMCqc beans-link__icon beans-icon__svg"
                              height="13.33"
                              preserveAspectRatio="xMinYMax meet"
                              viewBox="-1 0 12 20"
                              width="8"
                              xmlns="http://www.w3.org/2000/svg"
                              color="currentColor"
                            >
                              <path
                                d="M1.312 1.348L10.276 10l-8.964 8.644"
                                fill="none"
                                stroke="currentColor"
                              ></path></svg></span
                        ></a>
                      </div>
                      <div class="product-info-message-section">
                        <div class="product-info-message-list"></div>
                      </div>
                    </div>
                    <div
                      class="styles__StyledPromotionsWithBuyBoxWrapper-dvv1wj-8 cZskDh"
                    >
                      <div
                        class="styles__StyledPromotionsAboveMobile-dvv1wj-7 iPTMuo"
                      >
                        <div
                          class="styles__StyledPromotionsWithClubcardPriceContainer-sc-1vdpoop-0 bsPFbn"
                        >
                          <div
                            class="styles__StyledClubcardLogo-sc-1vdpoop-2 elOZEB"
                          >
                            <div
                              class="styles__Wrapper-sc-1d2phhy-0 hgBuQG undefined special-offer-sash"
                            >
                              <span
                                class="styles__CircleWrapper-sc-1d2phhy-2 hCbzjm"
                                ><strong
                                  class="styles__TextWrapper-sc-1d2phhy-1 bLXNGg"
                                  >Clubcard Price</strong
                                ></span
                              >
                            </div>
                          </div>
                          <a href="/groceries/en-GB/promotions/88501107"
                            ><div
                              class="styles__ProductPromotionStyling-sc-1vdpoop-3 cKitpL"
                            >
                              <div
                                class="styles__StyledPromotionsOfferContent-sc-1vdpoop-1 cPSekc"
                              >
                                <span class="offer-text"
                                  >Any 2 for £5 Clubcard Price - Selected Tesco
                                  Frozen Fire Pit 240g - 800g</span
                                >
                              </div>
                              <span class="dates"
                                >Offer valid for delivery from 14/04/2022 until
                                19/09/2022</span
                              >
                            </div></a
                          >
                        </div>
                      </div>
                      <div class="styles__StyledBuyBoxWrapper-dvv1wj-4 dSvjUC">
                        <div
                          class="styles__StyledBuyBoxContainer-sc-1wx0qp6-0 dAXuso"
                          data-auto="buybox-container"
                        >
                          <form
                            action="/groceries/en-GB/trolley/items/310137595?_method=PUT"
                            method="POST"
                            quantitytype="simple-quantity"
                            class="styles__SafeFormWrapper-jtpu2t-0 lcrYKS"
                          >
                            <input type="submit" class="hidden" /><input
                              type="hidden"
                              name="id"
                              value="310137595"
                            /><input
                              type="hidden"
                              name="identifier"
                              value="Page"
                            /><input
                              type="hidden"
                              name="anchorId"
                              value="#tile-310137595"
                            /><input
                              type="hidden"
                              name="returnUrl"
                              value="/groceries/en-GB/shop/summer-bbq/bbq-steaks-and-meats/all?page=1&amp;count=48#tile-310137595"
                            /><input
                              type="hidden"
                              name="backToUrl"
                              value="#"
                            /><input
                              type="hidden"
                              name="oldValue"
                              value="0"
                            /><input
                              type="hidden"
                              name="oldUnitChoice"
                              value="pcs"
                            /><input
                              type="hidden"
                              name="newUnitChoice"
                              value="pcs"
                            />
                            <div
                              class="base-components__RootElement-sc-1mosoyj-1 styled__Container-sc-6nhkzi-0 jptQqM hSNpTb beans-buybox__container"
                            >
                              <div
                                class="base-components__BaseElement-sc-1mosoyj-0 styled__PriceAndActions-sc-6nhkzi-3 oznwo eEPLov beans-buybox__price-and-actions"
                              >
                                <div
                                  class="base-components__RootElement-sc-1mosoyj-1 styled__Container-sc-8qlq5b-0 jptQqM bgZrjw styled__StyledPrice-sc-6nhkzi-5 iYHeik beans-buybox__price beans-price__container"
                                >
                                  <p
                                    class="styled__StyledHeading-sc-119w3hf-2 jWPEtj styled__Text-sc-8qlq5b-1 lnaeiZ beans-price__text"
                                  >
                                    £3.00
                                  </p>
                                  <p
                                    class="styled__StyledFootnote-sc-119w3hf-7 icrlVF styled__Subtext-sc-8qlq5b-2 bNJmdc beans-price__subtext"
                                  >
                                    £7.50/kg
                                  </p>
                                </div>
                                <div
                                  class="base-components__RootElement-sc-1mosoyj-1 styled__Container-vtxwzb-0 jptQqM bDFhXJ beans-buybox__actions beans-quantity-controls__container"
                                >
                                  <div
                                    class="base-components__RootElement-sc-1mosoyj-1 styled__Container-sc-16t2b2a-0 jptQqM PUfgZ styled__StyledFormGroup-vtxwzb-1 kzKuAr beans-quantity-controls__form-group beans-form-group__container"
                                  >
                                    <label
                                      class="styled__StyledLabel-sc-1ttuvhr-0 bwxooU beans-form-group__label beans-label"
                                      for="quantity-controls-310137595"
                                      >Quantity controls<!-- -->
                                    </label>
                                    <div
                                      class="base-components__BaseElement-sc-1mosoyj-0 styled__Children-sc-16t2b2a-3 oznwo gdJvjO beans-form-group__children"
                                    >
                                      <div
                                        class="styled__StyledQuantityControlWrapper-vtxwzb-6 LCxOg"
                                      >
                                        <label
                                          id="quantity-controls-310137595-label"
                                          class="styled__VisuallyHiddenLabel-vtxwzb-7 gXlLiM"
                                          >add Tesco Fire Pit Chinese Style Pork
                                          Loin Steaks 400G to basket</label
                                        ><input
                                          type="number"
                                          class="base-components__RootElement-sc-1mosoyj-1 styled__StyledInput-sc-1jd5f57-0 jptQqM hupFMH styled__StyledInput-vtxwzb-3 lwMHo beans-quantity-controls__input beans-input"
                                          data-auto="beans-quantity-controls-input"
                                          autocomplete="off"
                                          id="quantity-controls-310137595"
                                          maxlength="2"
                                          name="newValue"
                                          aria-labelledby="quantity-controls-310137595-label"
                                          value="1"
                                        />
                                      </div>
                                      <button
                                        class="styled__BaseButton-rsekm1-0 styled__PrimaryButton-rsekm1-2 jChbeY geeWOF styled__StyledButton-vtxwzb-5 japAxb beans-quantity-controls__add-button beans-button__container"
                                        type="submit"
                                        data-auto="beans-quantity-controls-add-button"
                                        aria-label="add Tesco Fire Pit Chinese Style Pork Loin Steaks 400G to basket"
                                      >
                                        <span
                                          class="base-components__BaseElement-sc-1mosoyj-0 styled__InnerContainer-rsekm1-1 oznwo fuFres beans-button__inner-container"
                                          ><span
                                            class="base-components__BaseElement-sc-1mosoyj-0 styled__TextSpan-rsekm1-4 oznwo GDiMp beans-button__text"
                                            >Add</span
                                          ></span
                                        >
                                      </button>
                                    </div>
                                  </div>
                                </div>
                              </div>
                            </div>
                            <input
                              type="hidden"
                              name="_csrf"
                              value="IF27hEy7-e8rc-JXh6PMvwMk_UVHaG6Azp1k"
                            />
                          </form>
                        </div>
                      </div>
                    </div>
                  </div>
                  <div class="hidden-medium product-info-section-small">
                    <div class="product-info-message-list"></div>
                  </div>
                </div>
                <div class="styles__StyledPromotionsMobile-dvv1wj-6 Bxaeb">
                  <div>
                    <div
                      class="styles__StyledPromotionsWithClubcardPriceContainer-sc-1vdpoop-0 bsPFbn"
                    >
                      <div
                        class="styles__StyledClubcardLogo-sc-1vdpoop-2 elOZEB"
                      >
                        <div
                          class="styles__Wrapper-sc-1d2phhy-0 hgBuQG undefined special-offer-sash"
                        >
                          <span
                            class="styles__CircleWrapper-sc-1d2phhy-2 hCbzjm"
                            ><strong
                              class="styles__TextWrapper-sc-1d2phhy-1 bLXNGg"
                              >Clubcard Price</strong
                            ></span
                          >
                        </div>
                      </div>
                      <a href="/groceries/en-GB/promotions/88501107"
                        ><div
                          class="styles__ProductPromotionStyling-sc-1vdpoop-3 cKitpL"
                        >
                          <div
                            class="styles__StyledPromotionsOfferContent-sc-1vdpoop-1 cPSekc"
                          >
                            <span class="offer-text"
                              >Any 2 for £5 Clubcard Price - Selected Tesco
                              Frozen Fire Pit 240g - 800g</span
                            >
                          </div>
                          <span class="dates"
                            >Offer valid for delivery from 14/04/2022 until
                            19/09/2022</span
                          >
                        </div></a
                      >
                    </div>
                  </div>
                </div>
              </div>
            </div>
          </div>
        </li>
        <li class="product-list--list-item">
          <div class="styles__StyledVerticalTileWrapper-dvv1wj-0 dtCNPH">
            <div
              data-auto="product-tile"
              data-auto-type="Quantity"
              data-auto-available="true"
              data-auto-is-restricted-disabled="false"
              data-auto-is-substitute="false"
              class="styles__StyledVerticalTile-dvv1wj-1 hJqNin"
            >
              <div
                class="styles__StyledTileContentWrapper-dvv1wj-2 bkNhNP beans"
              >
                <div
                  id="tile-280011075"
                  data-auto-id="280011075"
                  class="styles__StyledTiledContent-dvv1wj-3 bcglTg"
                >
                  <a
                    href="/groceries/en-GB/products/280011075"
                    aria-hidden="true"
                    class="product-image-wrapper"
                    tabindex="1"
                    ><div class="product-image__container">
                      <picture
                        ><img
                          class="styled__Image-sjvkdn-0 bJErKA product-image beans-responsive-image__image"
                          src="https://digitalcontent.api.tesco.com/v2/media/ghs/b3207057-9ef5-4cba-ad2a-010c4acc6892/f2d8a985-555f-4773-8f61-ac7b94f0a851.jpeg?h=225&amp;w=225"
                          srcset="
                            https://digitalcontent.api.tesco.com/v2/media/ghs/b3207057-9ef5-4cba-ad2a-010c4acc6892/f2d8a985-555f-4773-8f61-ac7b94f0a851.jpeg?h=225&amp;w=225  768w,
                            https://digitalcontent.api.tesco.com/v2/media/ghs/b3207057-9ef5-4cba-ad2a-010c4acc6892/f2d8a985-555f-4773-8f61-ac7b94f0a851.jpeg?h=225&amp;w=225 4000w
                          "
                          alt="Tesco Finest British Lincolnshire Pork Sausages 400G"
                      /></picture></div
                  ></a>
                  <div class="product-details--wrapper">
                    <h3>
                      <a
                        href="/groceries/en-GB/products/280011075"
                        class="styled__Anchor-sc-1xbujuz-0 bmBCJq beans-link__anchor"
                        data-auto="product-tile--title"
                        ><span
                          class="styled__Text-sc-1xbujuz-1 ldbwMG beans-link__text"
                          >Tesco Finest British Lincolnshire Pork Sausages
                          400G</span
                        ></a
                      >
                    </h3>
                    <div
                      class="styles__StyledProductDetailsContent-dvv1wj-5 ddRSrq"
                    >
                      <a
                        href="/groceries/en-GB/reviews/submission/280011075?from=%2Fshop%2Fsummer-bbq%2Fbbq-steaks-and-meats%2Fall%3Fpage%3D1%26count%3D48"
                        aria-label="Write a review for Tesco Finest British Lincolnshire Pork Sausages 400G"
                        class="styled__Anchor-sc-1xbujuz-0 cFilde beans-link__anchor"
                        data-auto="review-link"
                        ><span
                          class="styled__Text-sc-1xbujuz-1 fyDIEo beans-link__text"
                          >Write a review</span
                        ><span
                          class="styled__IconContainer-sc-1xbujuz-2 bSauSL beans-link__icon-container"
                          ><svg
                            aria-hidden="true"
                            class="styled__SVG-xxa4wh-1 hQMCqc beans-link__icon beans-icon__svg"
                            height="13.33"
                            preserveAspectRatio="xMinYMax meet"
                            viewBox="-1 0 12 20"
                            width="8"
                            xmlns="http://www.w3.org/2000/svg"
                            color="currentColor"
                          >
                            <path
                              d="M1.312 1.348L10.276 10l-8.964 8.644"
                              fill="none"
                              stroke="currentColor"
                            ></path></svg></span
                      ></a>
                      <div>
                        <a
                          href="/groceries/en-GB/shop/fresh-food/fresh-meat-and-poultry/sausages/pork-sausages"
                          class="styled__Anchor-sc-1xbujuz-0 cFilde beans-link__anchor"
                          ><span
                            class="styled__Text-sc-1xbujuz-1 fyDIEo beans-link__text"
                            >Rest of
                            <span class="visually-hidden">Pork Sausages</span>
                            shelf</span
                          ><span
                            class="styled__IconContainer-sc-1xbujuz-2 bSauSL beans-link__icon-container"
                            ><svg
                              aria-hidden="true"
                              class="styled__SVG-xxa4wh-1 hQMCqc beans-link__icon beans-icon__svg"
                              height="13.33"
                              preserveAspectRatio="xMinYMax meet"
                              viewBox="-1 0 12 20"
                              width="8"
                              xmlns="http://www.w3.org/2000/svg"
                              color="currentColor"
                            >
                              <path
                                d="M1.312 1.348L10.276 10l-8.964 8.644"
                                fill="none"
                                stroke="currentColor"
                              ></path></svg></span
                        ></a>
                      </div>
                      <div class="product-info-message-section">
                        <div class="product-info-message-list"></div>
                      </div>
                    </div>
                    <div
                      class="styles__StyledPromotionsWithBuyBoxWrapper-dvv1wj-8 cZskDh"
                    >
                      <div
                        class="styles__StyledPromotionsAboveMobile-dvv1wj-7 iPTMuo"
                      >
                        <div
                          class="styles__StyledPromotionsWithClubcardPriceContainer-sc-1vdpoop-0 bsPFbn"
                        >
                          <div
                            class="styles__StyledClubcardLogo-sc-1vdpoop-2 elOZEB"
                          >
                            <div
                              class="styles__Wrapper-sc-1d2phhy-0 hgBuQG undefined special-offer-sash"
                            >
                              <span
                                class="styles__CircleWrapper-sc-1d2phhy-2 hCbzjm"
                                ><strong
                                  class="styles__TextWrapper-sc-1d2phhy-1 bLXNGg"
                                  >Clubcard Price</strong
                                ></span
                              >
                            </div>
                          </div>
                          <a href="/groceries/en-GB/promotions/88502947"
                            ><div
                              class="styles__ProductPromotionStyling-sc-1vdpoop-3 cKitpL"
                            >
                              <div
                                class="styles__StyledPromotionsOfferContent-sc-1vdpoop-1 cPSekc"
                              >
                                <span class="offer-text"
                                  >£2.25 Clubcard Price</span
                                >
                              </div>
                              <span class="dates"
                                >Offer valid for delivery from 25/05/2022 until
                                14/06/2022</span
                              >
                            </div></a
                          >
                        </div>
                      </div>
                      <div class="styles__StyledBuyBoxWrapper-dvv1wj-4 dSvjUC">
                        <div
                          class="styles__StyledBuyBoxContainer-sc-1wx0qp6-0 dAXuso"
                          data-auto="buybox-container"
                        >
                          <form
                            action="/groceries/en-GB/trolley/items/280011075?_method=PUT"
                            method="POST"
                            quantitytype="simple-quantity"
                            class="styles__SafeFormWrapper-jtpu2t-0 lcrYKS"
                          >
                            <input type="submit" class="hidden" /><input
                              type="hidden"
                              name="id"
                              value="280011075"
                            /><input
                              type="hidden"
                              name="identifier"
                              value="Page"
                            /><input
                              type="hidden"
                              name="anchorId"
                              value="#tile-280011075"
                            /><input
                              type="hidden"
                              name="returnUrl"
                              value="/groceries/en-GB/shop/summer-bbq/bbq-steaks-and-meats/all?page=1&amp;count=48#tile-280011075"
                            /><input
                              type="hidden"
                              name="backToUrl"
                              value="#"
                            /><input
                              type="hidden"
                              name="oldValue"
                              value="0"
                            /><input
                              type="hidden"
                              name="oldUnitChoice"
                              value="pcs"
                            /><input
                              type="hidden"
                              name="newUnitChoice"
                              value="pcs"
                            />
                            <div
                              class="base-components__RootElement-sc-1mosoyj-1 styled__Container-sc-6nhkzi-0 jptQqM hSNpTb beans-buybox__container"
                            >
                              <div
                                class="base-components__BaseElement-sc-1mosoyj-0 styled__PriceAndActions-sc-6nhkzi-3 oznwo eEPLov beans-buybox__price-and-actions"
                              >
                                <div
                                  class="base-components__RootElement-sc-1mosoyj-1 styled__Container-sc-8qlq5b-0 jptQqM bgZrjw styled__StyledPrice-sc-6nhkzi-5 iYHeik beans-buybox__price beans-price__container"
                                >
                                  <p
                                    class="styled__StyledHeading-sc-119w3hf-2 jWPEtj styled__Text-sc-8qlq5b-1 lnaeiZ beans-price__text"
                                  >
                                    £2.75
                                  </p>
                                  <p
                                    class="styled__StyledFootnote-sc-119w3hf-7 icrlVF styled__Subtext-sc-8qlq5b-2 bNJmdc beans-price__subtext"
                                  >
                                    £6.88/kg
                                  </p>
                                </div>
                                <div
                                  class="base-components__RootElement-sc-1mosoyj-1 styled__Container-vtxwzb-0 jptQqM bDFhXJ beans-buybox__actions beans-quantity-controls__container"
                                >
                                  <div
                                    class="base-components__RootElement-sc-1mosoyj-1 styled__Container-sc-16t2b2a-0 jptQqM PUfgZ styled__StyledFormGroup-vtxwzb-1 kzKuAr beans-quantity-controls__form-group beans-form-group__container"
                                  >
                                    <label
                                      class="styled__StyledLabel-sc-1ttuvhr-0 bwxooU beans-form-group__label beans-label"
                                      for="quantity-controls-280011075"
                                      >Quantity controls<!-- -->
                                    </label>
                                    <div
                                      class="base-components__BaseElement-sc-1mosoyj-0 styled__Children-sc-16t2b2a-3 oznwo gdJvjO beans-form-group__children"
                                    >
                                      <div
                                        class="styled__StyledQuantityControlWrapper-vtxwzb-6 LCxOg"
                                      >
                                        <label
                                          id="quantity-controls-280011075-label"
                                          class="styled__VisuallyHiddenLabel-vtxwzb-7 gXlLiM"
                                          >add Tesco Finest British Lincolnshire
                                          Pork Sausages 400G to basket</label
                                        ><input
                                          type="number"
                                          class="base-components__RootElement-sc-1mosoyj-1 styled__StyledInput-sc-1jd5f57-0 jptQqM hupFMH styled__StyledInput-vtxwzb-3 lwMHo beans-quantity-controls__input beans-input"
                                          data-auto="beans-quantity-controls-input"
                                          autocomplete="off"
                                          id="quantity-controls-280011075"
                                          maxlength="2"
                                          name="newValue"
                                          aria-labelledby="quantity-controls-280011075-label"
                                          value="1"
                                        />
                                      </div>
                                      <button
                                        class="styled__BaseButton-rsekm1-0 styled__PrimaryButton-rsekm1-2 jChbeY geeWOF styled__StyledButton-vtxwzb-5 japAxb beans-quantity-controls__add-button beans-button__container"
                                        type="submit"
                                        data-auto="beans-quantity-controls-add-button"
                                        aria-label="add Tesco Finest British Lincolnshire Pork Sausages 400G to basket"
                                      >
                                        <span
                                          class="base-components__BaseElement-sc-1mosoyj-0 styled__InnerContainer-rsekm1-1 oznwo fuFres beans-button__inner-container"
                                          ><span
                                            class="base-components__BaseElement-sc-1mosoyj-0 styled__TextSpan-rsekm1-4 oznwo GDiMp beans-button__text"
                                            >Add</span
                                          ></span
                                        >
                                      </button>
                                    </div>
                                  </div>
                                </div>
                              </div>
                            </div>
                            <input
                              type="hidden"
                              name="_csrf"
                              value="IF27hEy7-e8rc-JXh6PMvwMk_UVHaG6Azp1k"
                            />
                          </form>
                        </div>
                      </div>
                    </div>
                  </div>
                  <div class="hidden-medium product-info-section-small">
                    <div class="product-info-message-list"></div>
                  </div>
                </div>
                <div class="styles__StyledPromotionsMobile-dvv1wj-6 Bxaeb">
                  <div>
                    <div
                      class="styles__StyledPromotionsWithClubcardPriceContainer-sc-1vdpoop-0 bsPFbn"
                    >
                      <div
                        class="styles__StyledClubcardLogo-sc-1vdpoop-2 elOZEB"
                      >
                        <div
                          class="styles__Wrapper-sc-1d2phhy-0 hgBuQG undefined special-offer-sash"
                        >
                          <span
                            class="styles__CircleWrapper-sc-1d2phhy-2 hCbzjm"
                            ><strong
                              class="styles__TextWrapper-sc-1d2phhy-1 bLXNGg"
                              >Clubcard Price</strong
                            ></span
                          >
                        </div>
                      </div>
                      <a href="/groceries/en-GB/promotions/88502947"
                        ><div
                          class="styles__ProductPromotionStyling-sc-1vdpoop-3 cKitpL"
                        >
                          <div
                            class="styles__StyledPromotionsOfferContent-sc-1vdpoop-1 cPSekc"
                          >
                            <span class="offer-text">£2.25 Clubcard Price</span>
                          </div>
                          <span class="dates"
                            >Offer valid for delivery from 25/05/2022 until
                            14/06/2022</span
                          >
                        </div></a
                      >
                    </div>
                  </div>
                </div>
              </div>
            </div>
          </div>
        </li>
        <li class="product-list--list-item">
          <div class="styles__StyledVerticalTileWrapper-dvv1wj-0 dtCNPH">
            <div
              data-auto="product-tile"
              data-auto-type="Quantity"
              data-auto-available="true"
              data-auto-is-restricted-disabled="false"
              data-auto-is-substitute="false"
              class="styles__StyledVerticalTile-dvv1wj-1 hJqNin"
            >
              <div
                class="styles__StyledTileContentWrapper-dvv1wj-2 bkNhNP beans"
              >
                <div
                  id="tile-303088609"
                  data-auto-id="303088609"
                  class="styles__StyledTiledContent-dvv1wj-3 bcglTg"
                >
                  <a
                    href="/groceries/en-GB/products/303088609"
                    aria-hidden="true"
                    class="product-image-wrapper"
                    tabindex="1"
                    ><div class="product-image__container">
                      <picture
                        ><img
                          class="styled__Image-sjvkdn-0 bJErKA product-image beans-responsive-image__image"
                          src="https://digitalcontent.api.tesco.com/v2/media/ghs/3b091750-df66-49f8-b68d-9238294cdd7f/7bf5be48-cd14-4c38-adcd-5169e87b0e46.jpeg?h=225&amp;w=225"
                          srcset="
                            https://digitalcontent.api.tesco.com/v2/media/ghs/3b091750-df66-49f8-b68d-9238294cdd7f/7bf5be48-cd14-4c38-adcd-5169e87b0e46.jpeg?h=225&amp;w=225  768w,
                            https://digitalcontent.api.tesco.com/v2/media/ghs/3b091750-df66-49f8-b68d-9238294cdd7f/7bf5be48-cd14-4c38-adcd-5169e87b0e46.jpeg?h=225&amp;w=225 4000w
                          "
                          alt="T Firepit Chilli &amp; Lime Salmon Kebabs 177G"
                      /></picture></div
                  ></a>
                  <div class="product-details--wrapper">
                    <h3>
                      <a
                        href="/groceries/en-GB/products/303088609"
                        class="styled__Anchor-sc-1xbujuz-0 bmBCJq beans-link__anchor"
                        data-auto="product-tile--title"
                        ><span
                          class="styled__Text-sc-1xbujuz-1 ldbwMG beans-link__text"
                          >T Firepit Chilli &amp; Lime Salmon Kebabs 177G</span
                        ></a
                      >
                    </h3>
                    <div
                      class="styles__StyledProductDetailsContent-dvv1wj-5 ddRSrq"
                    >
                      <a
                        href="/groceries/en-GB/reviews/submission/303088609?from=%2Fshop%2Fsummer-bbq%2Fbbq-steaks-and-meats%2Fall%3Fpage%3D1%26count%3D48"
                        aria-label="Write a review for T Firepit Chilli &amp; Lime Salmon Kebabs 177G"
                        class="styled__Anchor-sc-1xbujuz-0 cFilde beans-link__anchor"
                        data-auto="review-link"
                        ><span
                          class="styled__Text-sc-1xbujuz-1 fyDIEo beans-link__text"
                          >Write a review</span
                        ><span
                          class="styled__IconContainer-sc-1xbujuz-2 bSauSL beans-link__icon-container"
                          ><svg
                            aria-hidden="true"
                            class="styled__SVG-xxa4wh-1 hQMCqc beans-link__icon beans-icon__svg"
                            height="13.33"
                            preserveAspectRatio="xMinYMax meet"
                            viewBox="-1 0 12 20"
                            width="8"
                            xmlns="http://www.w3.org/2000/svg"
                            color="currentColor"
                          >
                            <path
                              d="M1.312 1.348L10.276 10l-8.964 8.644"
                              fill="none"
                              stroke="currentColor"
                            ></path></svg></span
                      ></a>
                      <div>
                        <a
                          href="/groceries/en-GB/shop/fresh-food/chilled-fish-and-seafood/salmon-and-trout/fresh-salmon-fillets"
                          class="styled__Anchor-sc-1xbujuz-0 cFilde beans-link__anchor"
                          ><span
                            class="styled__Text-sc-1xbujuz-1 fyDIEo beans-link__text"
                            >Rest of
                            <span class="visually-hidden"
                              >Fresh Salmon Fillets</span
                            >
                            shelf</span
                          ><span
                            class="styled__IconContainer-sc-1xbujuz-2 bSauSL beans-link__icon-container"
                            ><svg
                              aria-hidden="true"
                              class="styled__SVG-xxa4wh-1 hQMCqc beans-link__icon beans-icon__svg"
                              height="13.33"
                              preserveAspectRatio="xMinYMax meet"
                              viewBox="-1 0 12 20"
                              width="8"
                              xmlns="http://www.w3.org/2000/svg"
                              color="currentColor"
                            >
                              <path
                                d="M1.312 1.348L10.276 10l-8.964 8.644"
                                fill="none"
                                stroke="currentColor"
                              ></path></svg></span
                        ></a>
                      </div>
                      <div class="product-info-message-section">
                        <div class="product-info-message-list"></div>
                      </div>
                    </div>
                    <div
                      class="styles__StyledPromotionsWithBuyBoxWrapper-dvv1wj-8 cZskDh"
                    >
                      <div
                        class="styles__StyledPromotionsAboveMobile-dvv1wj-7 iPTMuo"
                      >
                        <div
                          class="styles__StyledPromotionsWithClubcardPriceContainer-sc-1vdpoop-0 bsPFbn"
                        >
                          <div
                            class="styles__StyledClubcardLogo-sc-1vdpoop-2 elOZEB"
                          >
                            <div
                              class="styles__Wrapper-sc-1d2phhy-0 hgBuQG undefined special-offer-sash"
                            >
                              <span
                                class="styles__CircleWrapper-sc-1d2phhy-2 hCbzjm"
                                ><strong
                                  class="styles__TextWrapper-sc-1d2phhy-1 bLXNGg"
                                  >Clubcard Price</strong
                                ></span
                              >
                            </div>
                          </div>
                          <a href="/groceries/en-GB/promotions/88496145"
                            ><div
                              class="styles__ProductPromotionStyling-sc-1vdpoop-3 cKitpL"
                            >
                              <div
                                class="styles__StyledPromotionsOfferContent-sc-1vdpoop-1 cPSekc"
                              >
                                <span class="offer-text"
                                  >Any 2 for £8 Clubcard Price - Selected Tesco
                                  Ready To Cook &amp; Bbq Products 180g -
                                  1120g</span
                                >
                              </div>
                              <span class="dates"
                                >Offer valid for delivery from 25/05/2022 until
                                14/06/2022</span
                              >
                            </div></a
                          >
                        </div>
                      </div>
                      <div class="styles__StyledBuyBoxWrapper-dvv1wj-4 dSvjUC">
                        <div
                          class="styles__StyledBuyBoxContainer-sc-1wx0qp6-0 dAXuso"
                          data-auto="buybox-container"
                        >
                          <form
                            action="/groceries/en-GB/trolley/items/303088609?_method=PUT"
                            method="POST"
                            quantitytype="simple-quantity"
                            class="styles__SafeFormWrapper-jtpu2t-0 lcrYKS"
                          >
                            <input type="submit" class="hidden" /><input
                              type="hidden"
                              name="id"
                              value="303088609"
                            /><input
                              type="hidden"
                              name="identifier"
                              value="Page"
                            /><input
                              type="hidden"
                              name="anchorId"
                              value="#tile-303088609"
                            /><input
                              type="hidden"
                              name="returnUrl"
                              value="/groceries/en-GB/shop/summer-bbq/bbq-steaks-and-meats/all?page=1&amp;count=48#tile-303088609"
                            /><input
                              type="hidden"
                              name="backToUrl"
                              value="#"
                            /><input
                              type="hidden"
                              name="oldValue"
                              value="0"
                            /><input
                              type="hidden"
                              name="oldUnitChoice"
                              value="pcs"
                            /><input
                              type="hidden"
                              name="newUnitChoice"
                              value="pcs"
                            />
                            <div
                              class="base-components__RootElement-sc-1mosoyj-1 styled__Container-sc-6nhkzi-0 jptQqM hSNpTb beans-buybox__container"
                            >
                              <div
                                class="base-components__BaseElement-sc-1mosoyj-0 styled__PriceAndActions-sc-6nhkzi-3 oznwo eEPLov beans-buybox__price-and-actions"
                              >
                                <div
                                  class="base-components__RootElement-sc-1mosoyj-1 styled__Container-sc-8qlq5b-0 jptQqM bgZrjw styled__StyledPrice-sc-6nhkzi-5 iYHeik beans-buybox__price beans-price__container"
                                >
                                  <p
                                    class="styled__StyledHeading-sc-119w3hf-2 jWPEtj styled__Text-sc-8qlq5b-1 lnaeiZ beans-price__text"
                                  >
                                    £4.50
                                  </p>
                                  <p
                                    class="styled__StyledFootnote-sc-119w3hf-7 icrlVF styled__Subtext-sc-8qlq5b-2 bNJmdc beans-price__subtext"
                                  >
                                    £25.43/kg
                                  </p>
                                </div>
                                <div
                                  class="base-components__RootElement-sc-1mosoyj-1 styled__Container-vtxwzb-0 jptQqM bDFhXJ beans-buybox__actions beans-quantity-controls__container"
                                >
                                  <div
                                    class="base-components__RootElement-sc-1mosoyj-1 styled__Container-sc-16t2b2a-0 jptQqM PUfgZ styled__StyledFormGroup-vtxwzb-1 kzKuAr beans-quantity-controls__form-group beans-form-group__container"
                                  >
                                    <label
                                      class="styled__StyledLabel-sc-1ttuvhr-0 bwxooU beans-form-group__label beans-label"
                                      for="quantity-controls-303088609"
                                      >Quantity controls<!-- -->
                                    </label>
                                    <div
                                      class="base-components__BaseElement-sc-1mosoyj-0 styled__Children-sc-16t2b2a-3 oznwo gdJvjO beans-form-group__children"
                                    >
                                      <div
                                        class="styled__StyledQuantityControlWrapper-vtxwzb-6 LCxOg"
                                      >
                                        <label
                                          id="quantity-controls-303088609-label"
                                          class="styled__VisuallyHiddenLabel-vtxwzb-7 gXlLiM"
                                          >add T Firepit Chilli &amp; Lime
                                          Salmon Kebabs 177G to basket</label
                                        ><input
                                          type="number"
                                          class="base-components__RootElement-sc-1mosoyj-1 styled__StyledInput-sc-1jd5f57-0 jptQqM hupFMH styled__StyledInput-vtxwzb-3 lwMHo beans-quantity-controls__input beans-input"
                                          data-auto="beans-quantity-controls-input"
                                          autocomplete="off"
                                          id="quantity-controls-303088609"
                                          maxlength="2"
                                          name="newValue"
                                          aria-labelledby="quantity-controls-303088609-label"
                                          value="1"
                                        />
                                      </div>
                                      <button
                                        class="styled__BaseButton-rsekm1-0 styled__PrimaryButton-rsekm1-2 jChbeY geeWOF styled__StyledButton-vtxwzb-5 japAxb beans-quantity-controls__add-button beans-button__container"
                                        type="submit"
                                        data-auto="beans-quantity-controls-add-button"
                                        aria-label="add T Firepit Chilli &amp; Lime Salmon Kebabs 177G to basket"
                                      >
                                        <span
                                          class="base-components__BaseElement-sc-1mosoyj-0 styled__InnerContainer-rsekm1-1 oznwo fuFres beans-button__inner-container"
                                          ><span
                                            class="base-components__BaseElement-sc-1mosoyj-0 styled__TextSpan-rsekm1-4 oznwo GDiMp beans-button__text"
                                            >Add</span
                                          ></span
                                        >
                                      </button>
                                    </div>
                                  </div>
                                </div>
                              </div>
                            </div>
                            <input
                              type="hidden"
                              name="_csrf"
                              value="IF27hEy7-e8rc-JXh6PMvwMk_UVHaG6Azp1k"
                            />
                          </form>
                        </div>
                      </div>
                    </div>
                  </div>
                  <div class="hidden-medium product-info-section-small">
                    <div class="product-info-message-list"></div>
                  </div>
                </div>
                <div class="styles__StyledPromotionsMobile-dvv1wj-6 Bxaeb">
                  <div>
                    <div
                      class="styles__StyledPromotionsWithClubcardPriceContainer-sc-1vdpoop-0 bsPFbn"
                    >
                      <div
                        class="styles__StyledClubcardLogo-sc-1vdpoop-2 elOZEB"
                      >
                        <div
                          class="styles__Wrapper-sc-1d2phhy-0 hgBuQG undefined special-offer-sash"
                        >
                          <span
                            class="styles__CircleWrapper-sc-1d2phhy-2 hCbzjm"
                            ><strong
                              class="styles__TextWrapper-sc-1d2phhy-1 bLXNGg"
                              >Clubcard Price</strong
                            ></span
                          >
                        </div>
                      </div>
                      <a href="/groceries/en-GB/promotions/88496145"
                        ><div
                          class="styles__ProductPromotionStyling-sc-1vdpoop-3 cKitpL"
                        >
                          <div
                            class="styles__StyledPromotionsOfferContent-sc-1vdpoop-1 cPSekc"
                          >
                            <span class="offer-text"
                              >Any 2 for £8 Clubcard Price - Selected Tesco
                              Ready To Cook &amp; Bbq Products 180g -
                              1120g</span
                            >
                          </div>
                          <span class="dates"
                            >Offer valid for delivery from 25/05/2022 until
                            14/06/2022</span
                          >
                        </div></a
                      >
                    </div>
                  </div>
                </div>
              </div>
            </div>
          </div>
        </li>
        <li class="product-list--list-item">
          <div class="styles__StyledVerticalTileWrapper-dvv1wj-0 dtCNPH">
            <div
              data-auto="product-tile"
              data-auto-type="Quantity"
              data-auto-available="true"
              data-auto-is-restricted-disabled="false"
              data-auto-is-substitute="false"
              class="styles__StyledVerticalTile-dvv1wj-1 hJqNin"
            >
              <div
                class="styles__StyledTileContentWrapper-dvv1wj-2 bkNhNP beans"
              >
                <div
                  id="tile-305528347"
                  data-auto-id="305528347"
                  class="styles__StyledTiledContent-dvv1wj-3 bcglTg"
                >
                  <a
                    href="/groceries/en-GB/products/305528347"
                    aria-hidden="true"
                    class="product-image-wrapper"
                    tabindex="1"
                    ><div class="product-image__container">
                      <picture
                        ><img
                          class="styled__Image-sjvkdn-0 bJErKA product-image beans-responsive-image__image"
                          src="https://digitalcontent.api.tesco.com/v2/media/ghs/c34a1d34-c687-4a06-a925-41c837472cd1/f3418d6b-de41-4f44-9920-dfe36a4550fe.jpeg?h=225&amp;w=225"
                          srcset="
                            https://digitalcontent.api.tesco.com/v2/media/ghs/c34a1d34-c687-4a06-a925-41c837472cd1/f3418d6b-de41-4f44-9920-dfe36a4550fe.jpeg?h=225&amp;w=225  768w,
                            https://digitalcontent.api.tesco.com/v2/media/ghs/c34a1d34-c687-4a06-a925-41c837472cd1/f3418d6b-de41-4f44-9920-dfe36a4550fe.jpeg?h=225&amp;w=225 4000w
                          "
                          alt="Tesco Fire Pit 14 Jumbo Pork Sausages 1.12Kg"
                      /></picture></div
                  ></a>
                  <div class="product-details--wrapper">
                    <h3>
                      <a
                        href="/groceries/en-GB/products/305528347"
                        class="styled__Anchor-sc-1xbujuz-0 bmBCJq beans-link__anchor"
                        data-auto="product-tile--title"
                        ><span
                          class="styled__Text-sc-1xbujuz-1 ldbwMG beans-link__text"
                          >Tesco Fire Pit 14 Jumbo Pork Sausages 1.12Kg</span
                        ></a
                      >
                    </h3>
                    <div
                      class="styles__StyledProductDetailsContent-dvv1wj-5 ddRSrq"
                    >
                      <a
                        href="/groceries/en-GB/reviews/submission/305528347?from=%2Fshop%2Fsummer-bbq%2Fbbq-steaks-and-meats%2Fall%3Fpage%3D1%26count%3D48"
                        aria-label="Write a review for Tesco Fire Pit 14 Jumbo Pork Sausages 1.12Kg"
                        class="styled__Anchor-sc-1xbujuz-0 cFilde beans-link__anchor"
                        data-auto="review-link"
                        ><span
                          class="styled__Text-sc-1xbujuz-1 fyDIEo beans-link__text"
                          >Write a review</span
                        ><span
                          class="styled__IconContainer-sc-1xbujuz-2 bSauSL beans-link__icon-container"
                          ><svg
                            aria-hidden="true"
                            class="styled__SVG-xxa4wh-1 hQMCqc beans-link__icon beans-icon__svg"
                            height="13.33"
                            preserveAspectRatio="xMinYMax meet"
                            viewBox="-1 0 12 20"
                            width="8"
                            xmlns="http://www.w3.org/2000/svg"
                            color="currentColor"
                          >
                            <path
                              d="M1.312 1.348L10.276 10l-8.964 8.644"
                              fill="none"
                              stroke="currentColor"
                            ></path></svg></span
                      ></a>
                      <div>
                        <a
                          href="/groceries/en-GB/shop/fresh-food/fresh-meat-and-poultry/burgers-meatballs-and-bbq-meat/bbq-pork"
                          class="styled__Anchor-sc-1xbujuz-0 cFilde beans-link__anchor"
                          ><span
                            class="styled__Text-sc-1xbujuz-1 fyDIEo beans-link__text"
                            >Rest of
                            <span class="visually-hidden">BBQ Pork</span>
                            shelf</span
                          ><span
                            class="styled__IconContainer-sc-1xbujuz-2 bSauSL beans-link__icon-container"
                            ><svg
                              aria-hidden="true"
                              class="styled__SVG-xxa4wh-1 hQMCqc beans-link__icon beans-icon__svg"
                              height="13.33"
                              preserveAspectRatio="xMinYMax meet"
                              viewBox="-1 0 12 20"
                              width="8"
                              xmlns="http://www.w3.org/2000/svg"
                              color="currentColor"
                            >
                              <path
                                d="M1.312 1.348L10.276 10l-8.964 8.644"
                                fill="none"
                                stroke="currentColor"
                              ></path></svg></span
                        ></a>
                      </div>
                      <div class="product-info-message-section">
                        <div class="product-info-message-list"></div>
                      </div>
                    </div>
                    <div
                      class="styles__StyledPromotionsWithBuyBoxWrapper-dvv1wj-8 cZskDh"
                    >
                      <div
                        class="styles__StyledPromotionsAboveMobile-dvv1wj-7 iPTMuo"
                      >
                        <div
                          class="styles__StyledPromotionsWithClubcardPriceContainer-sc-1vdpoop-0 bsPFbn"
                        >
                          <div
                            class="styles__StyledClubcardLogo-sc-1vdpoop-2 elOZEB"
                          >
                            <div
                              class="styles__Wrapper-sc-1d2phhy-0 hgBuQG undefined special-offer-sash"
                            >
                              <span
                                class="styles__CircleWrapper-sc-1d2phhy-2 hCbzjm"
                                ><strong
                                  class="styles__TextWrapper-sc-1d2phhy-1 bLXNGg"
                                  >Clubcard Price</strong
                                ></span
                              >
                            </div>
                          </div>
                          <a href="/groceries/en-GB/promotions/88496145"
                            ><div
                              class="styles__ProductPromotionStyling-sc-1vdpoop-3 cKitpL"
                            >
                              <div
                                class="styles__StyledPromotionsOfferContent-sc-1vdpoop-1 cPSekc"
                              >
                                <span class="offer-text"
                                  >Any 2 for £8 Clubcard Price - Selected Tesco
                                  Ready To Cook &amp; Bbq Products 180g -
                                  1120g</span
                                >
                              </div>
                              <span class="dates"
                                >Offer valid for delivery from 25/05/2022 until
                                14/06/2022</span
                              >
                            </div></a
                          >
                        </div>
                      </div>
                      <div class="styles__StyledBuyBoxWrapper-dvv1wj-4 dSvjUC">
                        <div
                          class="styles__StyledBuyBoxContainer-sc-1wx0qp6-0 dAXuso"
                          data-auto="buybox-container"
                        >
                          <form
                            action="/groceries/en-GB/trolley/items/305528347?_method=PUT"
                            method="POST"
                            quantitytype="simple-quantity"
                            class="styles__SafeFormWrapper-jtpu2t-0 lcrYKS"
                          >
                            <input type="submit" class="hidden" /><input
                              type="hidden"
                              name="id"
                              value="305528347"
                            /><input
                              type="hidden"
                              name="identifier"
                              value="Page"
                            /><input
                              type="hidden"
                              name="anchorId"
                              value="#tile-305528347"
                            /><input
                              type="hidden"
                              name="returnUrl"
                              value="/groceries/en-GB/shop/summer-bbq/bbq-steaks-and-meats/all?page=1&amp;count=48#tile-305528347"
                            /><input
                              type="hidden"
                              name="backToUrl"
                              value="#"
                            /><input
                              type="hidden"
                              name="oldValue"
                              value="0"
                            /><input
                              type="hidden"
                              name="oldUnitChoice"
                              value="pcs"
                            /><input
                              type="hidden"
                              name="newUnitChoice"
                              value="pcs"
                            />
                            <div
                              class="base-components__RootElement-sc-1mosoyj-1 styled__Container-sc-6nhkzi-0 jptQqM hSNpTb beans-buybox__container"
                            >
                              <div
                                class="base-components__BaseElement-sc-1mosoyj-0 styled__PriceAndActions-sc-6nhkzi-3 oznwo eEPLov beans-buybox__price-and-actions"
                              >
                                <div
                                  class="base-components__RootElement-sc-1mosoyj-1 styled__Container-sc-8qlq5b-0 jptQqM bgZrjw styled__StyledPrice-sc-6nhkzi-5 iYHeik beans-buybox__price beans-price__container"
                                >
                                  <p
                                    class="styled__StyledHeading-sc-119w3hf-2 jWPEtj styled__Text-sc-8qlq5b-1 lnaeiZ beans-price__text"
                                  >
                                    £4.50
                                  </p>
                                  <p
                                    class="styled__StyledFootnote-sc-119w3hf-7 icrlVF styled__Subtext-sc-8qlq5b-2 bNJmdc beans-price__subtext"
                                  >
                                    £4.02/kg
                                  </p>
                                </div>
                                <div
                                  class="base-components__RootElement-sc-1mosoyj-1 styled__Container-vtxwzb-0 jptQqM bDFhXJ beans-buybox__actions beans-quantity-controls__container"
                                >
                                  <div
                                    class="base-components__RootElement-sc-1mosoyj-1 styled__Container-sc-16t2b2a-0 jptQqM PUfgZ styled__StyledFormGroup-vtxwzb-1 kzKuAr beans-quantity-controls__form-group beans-form-group__container"
                                  >
                                    <label
                                      class="styled__StyledLabel-sc-1ttuvhr-0 bwxooU beans-form-group__label beans-label"
                                      for="quantity-controls-305528347"
                                      >Quantity controls<!-- -->
                                    </label>
                                    <div
                                      class="base-components__BaseElement-sc-1mosoyj-0 styled__Children-sc-16t2b2a-3 oznwo gdJvjO beans-form-group__children"
                                    >
                                      <div
                                        class="styled__StyledQuantityControlWrapper-vtxwzb-6 LCxOg"
                                      >
                                        <label
                                          id="quantity-controls-305528347-label"
                                          class="styled__VisuallyHiddenLabel-vtxwzb-7 gXlLiM"
                                          >add Tesco Fire Pit 14 Jumbo Pork
                                          Sausages 1.12Kg to basket</label
                                        ><input
                                          type="number"
                                          class="base-components__RootElement-sc-1mosoyj-1 styled__StyledInput-sc-1jd5f57-0 jptQqM hupFMH styled__StyledInput-vtxwzb-3 lwMHo beans-quantity-controls__input beans-input"
                                          data-auto="beans-quantity-controls-input"
                                          autocomplete="off"
                                          id="quantity-controls-305528347"
                                          maxlength="2"
                                          name="newValue"
                                          aria-labelledby="quantity-controls-305528347-label"
                                          value="1"
                                        />
                                      </div>
                                      <button
                                        class="styled__BaseButton-rsekm1-0 styled__PrimaryButton-rsekm1-2 jChbeY geeWOF styled__StyledButton-vtxwzb-5 japAxb beans-quantity-controls__add-button beans-button__container"
                                        type="submit"
                                        data-auto="beans-quantity-controls-add-button"
                                        aria-label="add Tesco Fire Pit 14 Jumbo Pork Sausages 1.12Kg to basket"
                                      >
                                        <span
                                          class="base-components__BaseElement-sc-1mosoyj-0 styled__InnerContainer-rsekm1-1 oznwo fuFres beans-button__inner-container"
                                          ><span
                                            class="base-components__BaseElement-sc-1mosoyj-0 styled__TextSpan-rsekm1-4 oznwo GDiMp beans-button__text"
                                            >Add</span
                                          ></span
                                        >
                                      </button>
                                    </div>
                                  </div>
                                </div>
                              </div>
                            </div>
                            <input
                              type="hidden"
                              name="_csrf"
                              value="IF27hEy7-e8rc-JXh6PMvwMk_UVHaG6Azp1k"
                            />
                          </form>
                        </div>
                      </div>
                    </div>
                  </div>
                  <div class="hidden-medium product-info-section-small">
                    <div class="product-info-message-list"></div>
                  </div>
                </div>
                <div class="styles__StyledPromotionsMobile-dvv1wj-6 Bxaeb">
                  <div>
                    <div
                      class="styles__StyledPromotionsWithClubcardPriceContainer-sc-1vdpoop-0 bsPFbn"
                    >
                      <div
                        class="styles__StyledClubcardLogo-sc-1vdpoop-2 elOZEB"
                      >
                        <div
                          class="styles__Wrapper-sc-1d2phhy-0 hgBuQG undefined special-offer-sash"
                        >
                          <span
                            class="styles__CircleWrapper-sc-1d2phhy-2 hCbzjm"
                            ><strong
                              class="styles__TextWrapper-sc-1d2phhy-1 bLXNGg"
                              >Clubcard Price</strong
                            ></span
                          >
                        </div>
                      </div>
                      <a href="/groceries/en-GB/promotions/88496145"
                        ><div
                          class="styles__ProductPromotionStyling-sc-1vdpoop-3 cKitpL"
                        >
                          <div
                            class="styles__StyledPromotionsOfferContent-sc-1vdpoop-1 cPSekc"
                          >
                            <span class="offer-text"
                              >Any 2 for £8 Clubcard Price - Selected Tesco
                              Ready To Cook &amp; Bbq Products 180g -
                              1120g</span
                            >
                          </div>
                          <span class="dates"
                            >Offer valid for delivery from 25/05/2022 until
                            14/06/2022</span
                          >
                        </div></a
                      >
                    </div>
                  </div>
                </div>
              </div>
            </div>
          </div>
        </li>
        <li class="product-list--list-item">
          <div class="styles__StyledVerticalTileWrapper-dvv1wj-0 dtCNPH">
            <div
              data-auto="product-tile"
              data-auto-type="Quantity"
              data-auto-available="true"
              data-auto-is-restricted-disabled="false"
              data-auto-is-substitute="false"
              class="styles__StyledVerticalTile-dvv1wj-1 hJqNin"
            >
              <div
                class="styles__StyledTileContentWrapper-dvv1wj-2 bkNhNP beans"
              >
                <div
                  id="tile-309461672"
                  data-auto-id="309461672"
                  class="styles__StyledTiledContent-dvv1wj-3 bcglTg"
                >
                  <a
                    href="/groceries/en-GB/products/309461672"
                    aria-hidden="true"
                    class="product-image-wrapper"
                    tabindex="1"
                    ><div class="product-image__container">
                      <picture
                        ><img
                          class="styled__Image-sjvkdn-0 bJErKA product-image beans-responsive-image__image"
                          src="https://digitalcontent.api.tesco.com/v2/media/ghs/1cd320d6-4fab-4964-a1b8-f8884ac7509d/222aa9a5-fbf7-48b3-a4d8-e4c0e258121d.jpeg?h=225&amp;w=225"
                          srcset="
                            https://digitalcontent.api.tesco.com/v2/media/ghs/1cd320d6-4fab-4964-a1b8-f8884ac7509d/222aa9a5-fbf7-48b3-a4d8-e4c0e258121d.jpeg?h=225&amp;w=225  768w,
                            https://digitalcontent.api.tesco.com/v2/media/ghs/1cd320d6-4fab-4964-a1b8-f8884ac7509d/222aa9a5-fbf7-48b3-a4d8-e4c0e258121d.jpeg?h=225&amp;w=225 4000w
                          "
                          alt="Tesco Fire Pit Spiced Maple Pork Belly 300G"
                      /></picture></div
                  ></a>
                  <div class="product-details--wrapper">
                    <h3>
                      <a
                        href="/groceries/en-GB/products/309461672"
                        class="styled__Anchor-sc-1xbujuz-0 bmBCJq beans-link__anchor"
                        data-auto="product-tile--title"
                        ><span
                          class="styled__Text-sc-1xbujuz-1 ldbwMG beans-link__text"
                          >Tesco Fire Pit Spiced Maple Pork Belly 300G</span
                        ></a
                      >
                    </h3>
                    <div
                      class="styles__StyledProductDetailsContent-dvv1wj-5 ddRSrq"
                    >
                      <a
                        href="/groceries/en-GB/reviews/submission/309461672?from=%2Fshop%2Fsummer-bbq%2Fbbq-steaks-and-meats%2Fall%3Fpage%3D1%26count%3D48"
                        aria-label="Write a review for Tesco Fire Pit Spiced Maple Pork Belly 300G"
                        class="styled__Anchor-sc-1xbujuz-0 cFilde beans-link__anchor"
                        data-auto="review-link"
                        ><span
                          class="styled__Text-sc-1xbujuz-1 fyDIEo beans-link__text"
                          >Write a review</span
                        ><span
                          class="styled__IconContainer-sc-1xbujuz-2 bSauSL beans-link__icon-container"
                          ><svg
                            aria-hidden="true"
                            class="styled__SVG-xxa4wh-1 hQMCqc beans-link__icon beans-icon__svg"
                            height="13.33"
                            preserveAspectRatio="xMinYMax meet"
                            viewBox="-1 0 12 20"
                            width="8"
                            xmlns="http://www.w3.org/2000/svg"
                            color="currentColor"
                          >
                            <path
                              d="M1.312 1.348L10.276 10l-8.964 8.644"
                              fill="none"
                              stroke="currentColor"
                            ></path></svg></span
                      ></a>
                      <div>
                        <a
                          href="/groceries/en-GB/shop/frozen-food/frozen-meat-and-poultry/frozen-bbq-meat-and-chicken/frozen-bbq-meat"
                          class="styled__Anchor-sc-1xbujuz-0 cFilde beans-link__anchor"
                          ><span
                            class="styled__Text-sc-1xbujuz-1 fyDIEo beans-link__text"
                            >Rest of
                            <span class="visually-hidden">Frozen BBQ Meat</span>
                            shelf</span
                          ><span
                            class="styled__IconContainer-sc-1xbujuz-2 bSauSL beans-link__icon-container"
                            ><svg
                              aria-hidden="true"
                              class="styled__SVG-xxa4wh-1 hQMCqc beans-link__icon beans-icon__svg"
                              height="13.33"
                              preserveAspectRatio="xMinYMax meet"
                              viewBox="-1 0 12 20"
                              width="8"
                              xmlns="http://www.w3.org/2000/svg"
                              color="currentColor"
                            >
                              <path
                                d="M1.312 1.348L10.276 10l-8.964 8.644"
                                fill="none"
                                stroke="currentColor"
                              ></path></svg></span
                        ></a>
                      </div>
                      <div class="product-info-message-section">
                        <div class="product-info-message-list"></div>
                      </div>
                    </div>
                    <div
                      class="styles__StyledPromotionsWithBuyBoxWrapper-dvv1wj-8 cZskDh"
                    >
                      <div
                        class="styles__StyledPromotionsAboveMobile-dvv1wj-7 iPTMuo"
                      >
                        <div
                          class="styles__StyledPromotionsWithClubcardPriceContainer-sc-1vdpoop-0 bsPFbn"
                        >
                          <div
                            class="styles__StyledClubcardLogo-sc-1vdpoop-2 elOZEB"
                          >
                            <div
                              class="styles__Wrapper-sc-1d2phhy-0 hgBuQG undefined special-offer-sash"
                            >
                              <span
                                class="styles__CircleWrapper-sc-1d2phhy-2 hCbzjm"
                                ><strong
                                  class="styles__TextWrapper-sc-1d2phhy-1 bLXNGg"
                                  >Clubcard Price</strong
                                ></span
                              >
                            </div>
                          </div>
                          <a href="/groceries/en-GB/promotions/88501107"
                            ><div
                              class="styles__ProductPromotionStyling-sc-1vdpoop-3 cKitpL"
                            >
                              <div
                                class="styles__StyledPromotionsOfferContent-sc-1vdpoop-1 cPSekc"
                              >
                                <span class="offer-text"
                                  >Any 2 for £5 Clubcard Price - Selected Tesco
                                  Frozen Fire Pit 240g - 800g</span
                                >
                              </div>
                              <span class="dates"
                                >Offer valid for delivery from 14/04/2022 until
                                19/09/2022</span
                              >
                            </div></a
                          >
                        </div>
                      </div>
                      <div class="styles__StyledBuyBoxWrapper-dvv1wj-4 dSvjUC">
                        <div
                          class="styles__StyledBuyBoxContainer-sc-1wx0qp6-0 dAXuso"
                          data-auto="buybox-container"
                        >
                          <form
                            action="/groceries/en-GB/trolley/items/309461672?_method=PUT"
                            method="POST"
                            quantitytype="simple-quantity"
                            class="styles__SafeFormWrapper-jtpu2t-0 lcrYKS"
                          >
                            <input type="submit" class="hidden" /><input
                              type="hidden"
                              name="id"
                              value="309461672"
                            /><input
                              type="hidden"
                              name="identifier"
                              value="Page"
                            /><input
                              type="hidden"
                              name="anchorId"
                              value="#tile-309461672"
                            /><input
                              type="hidden"
                              name="returnUrl"
                              value="/groceries/en-GB/shop/summer-bbq/bbq-steaks-and-meats/all?page=1&amp;count=48#tile-309461672"
                            /><input
                              type="hidden"
                              name="backToUrl"
                              value="#"
                            /><input
                              type="hidden"
                              name="oldValue"
                              value="0"
                            /><input
                              type="hidden"
                              name="oldUnitChoice"
                              value="pcs"
                            /><input
                              type="hidden"
                              name="newUnitChoice"
                              value="pcs"
                            />
                            <div
                              class="base-components__RootElement-sc-1mosoyj-1 styled__Container-sc-6nhkzi-0 jptQqM hSNpTb beans-buybox__container"
                            >
                              <div
                                class="base-components__BaseElement-sc-1mosoyj-0 styled__PriceAndActions-sc-6nhkzi-3 oznwo eEPLov beans-buybox__price-and-actions"
                              >
                                <div
                                  class="base-components__RootElement-sc-1mosoyj-1 styled__Container-sc-8qlq5b-0 jptQqM bgZrjw styled__StyledPrice-sc-6nhkzi-5 iYHeik beans-buybox__price beans-price__container"
                                >
                                  <p
                                    class="styled__StyledHeading-sc-119w3hf-2 jWPEtj styled__Text-sc-8qlq5b-1 lnaeiZ beans-price__text"
                                  >
                                    £3.00
                                  </p>
                                  <p
                                    class="styled__StyledFootnote-sc-119w3hf-7 icrlVF styled__Subtext-sc-8qlq5b-2 bNJmdc beans-price__subtext"
                                  >
                                    £10.00/kg
                                  </p>
                                </div>
                                <div
                                  class="base-components__RootElement-sc-1mosoyj-1 styled__Container-vtxwzb-0 jptQqM bDFhXJ beans-buybox__actions beans-quantity-controls__container"
                                >
                                  <div
                                    class="base-components__RootElement-sc-1mosoyj-1 styled__Container-sc-16t2b2a-0 jptQqM PUfgZ styled__StyledFormGroup-vtxwzb-1 kzKuAr beans-quantity-controls__form-group beans-form-group__container"
                                  >
                                    <label
                                      class="styled__StyledLabel-sc-1ttuvhr-0 bwxooU beans-form-group__label beans-label"
                                      for="quantity-controls-309461672"
                                      >Quantity controls<!-- -->
                                    </label>
                                    <div
                                      class="base-components__BaseElement-sc-1mosoyj-0 styled__Children-sc-16t2b2a-3 oznwo gdJvjO beans-form-group__children"
                                    >
                                      <div
                                        class="styled__StyledQuantityControlWrapper-vtxwzb-6 LCxOg"
                                      >
                                        <label
                                          id="quantity-controls-309461672-label"
                                          class="styled__VisuallyHiddenLabel-vtxwzb-7 gXlLiM"
                                          >add Tesco Fire Pit Spiced Maple Pork
                                          Belly 300G to basket</label
                                        ><input
                                          type="number"
                                          class="base-components__RootElement-sc-1mosoyj-1 styled__StyledInput-sc-1jd5f57-0 jptQqM hupFMH styled__StyledInput-vtxwzb-3 lwMHo beans-quantity-controls__input beans-input"
                                          data-auto="beans-quantity-controls-input"
                                          autocomplete="off"
                                          id="quantity-controls-309461672"
                                          maxlength="2"
                                          name="newValue"
                                          aria-labelledby="quantity-controls-309461672-label"
                                          value="1"
                                        />
                                      </div>
                                      <button
                                        class="styled__BaseButton-rsekm1-0 styled__PrimaryButton-rsekm1-2 jChbeY geeWOF styled__StyledButton-vtxwzb-5 japAxb beans-quantity-controls__add-button beans-button__container"
                                        type="submit"
                                        data-auto="beans-quantity-controls-add-button"
                                        aria-label="add Tesco Fire Pit Spiced Maple Pork Belly 300G to basket"
                                      >
                                        <span
                                          class="base-components__BaseElement-sc-1mosoyj-0 styled__InnerContainer-rsekm1-1 oznwo fuFres beans-button__inner-container"
                                          ><span
                                            class="base-components__BaseElement-sc-1mosoyj-0 styled__TextSpan-rsekm1-4 oznwo GDiMp beans-button__text"
                                            >Add</span
                                          ></span
                                        >
                                      </button>
                                    </div>
                                  </div>
                                </div>
                              </div>
                            </div>
                            <input
                              type="hidden"
                              name="_csrf"
                              value="IF27hEy7-e8rc-JXh6PMvwMk_UVHaG6Azp1k"
                            />
                          </form>
                        </div>
                      </div>
                    </div>
                  </div>
                  <div class="hidden-medium product-info-section-small">
                    <div class="product-info-message-list"></div>
                  </div>
                </div>
                <div class="styles__StyledPromotionsMobile-dvv1wj-6 Bxaeb">
                  <div>
                    <div
                      class="styles__StyledPromotionsWithClubcardPriceContainer-sc-1vdpoop-0 bsPFbn"
                    >
                      <div
                        class="styles__StyledClubcardLogo-sc-1vdpoop-2 elOZEB"
                      >
                        <div
                          class="styles__Wrapper-sc-1d2phhy-0 hgBuQG undefined special-offer-sash"
                        >
                          <span
                            class="styles__CircleWrapper-sc-1d2phhy-2 hCbzjm"
                            ><strong
                              class="styles__TextWrapper-sc-1d2phhy-1 bLXNGg"
                              >Clubcard Price</strong
                            ></span
                          >
                        </div>
                      </div>
                      <a href="/groceries/en-GB/promotions/88501107"
                        ><div
                          class="styles__ProductPromotionStyling-sc-1vdpoop-3 cKitpL"
                        >
                          <div
                            class="styles__StyledPromotionsOfferContent-sc-1vdpoop-1 cPSekc"
                          >
                            <span class="offer-text"
                              >Any 2 for £5 Clubcard Price - Selected Tesco
                              Frozen Fire Pit 240g - 800g</span
                            >
                          </div>
                          <span class="dates"
                            >Offer valid for delivery from 14/04/2022 until
                            19/09/2022</span
                          >
                        </div></a
                      >
                    </div>
                  </div>
                </div>
              </div>
            </div>
          </div>
        </li>
        <li class="product-list--list-item">
          <div class="styles__StyledVerticalTileWrapper-dvv1wj-0 dtCNPH">
            <div
              data-auto="product-tile"
              data-auto-type="Quantity"
              data-auto-available="true"
              data-auto-is-restricted-disabled="false"
              data-auto-is-substitute="false"
              class="styles__StyledVerticalTile-dvv1wj-1 hJqNin"
            >
              <div
                class="styles__StyledTileContentWrapper-dvv1wj-2 bkNhNP beans"
              >
                <div
                  id="tile-275174349"
                  data-auto-id="275174349"
                  class="styles__StyledTiledContent-dvv1wj-3 bcglTg"
                >
                  <a
                    href="/groceries/en-GB/products/275174349"
                    aria-hidden="true"
                    class="product-image-wrapper"
                    tabindex="1"
                    ><div class="product-image__container">
                      <picture
                        ><img
                          class="styled__Image-sjvkdn-0 bJErKA product-image beans-responsive-image__image"
                          src="https://digitalcontent.api.tesco.com/v2/media/ghs/8438d308-0e55-48dc-98ba-83b89b554ef7/879ac9ef-0361-48cb-aedb-07041b99e6f2.jpeg?h=225&amp;w=225"
                          srcset="
                            https://digitalcontent.api.tesco.com/v2/media/ghs/8438d308-0e55-48dc-98ba-83b89b554ef7/879ac9ef-0361-48cb-aedb-07041b99e6f2.jpeg?h=225&amp;w=225  768w,
                            https://digitalcontent.api.tesco.com/v2/media/ghs/8438d308-0e55-48dc-98ba-83b89b554ef7/879ac9ef-0361-48cb-aedb-07041b99e6f2.jpeg?h=225&amp;w=225 4000w
                          "
                          alt="Tesco Finest Unsmoked Drycure Back Bacon 8 Rashers 240G"
                      /></picture></div
                  ></a>
                  <div class="product-details--wrapper">
                    <h3>
                      <a
                        href="/groceries/en-GB/products/275174349"
                        class="styled__Anchor-sc-1xbujuz-0 bmBCJq beans-link__anchor"
                        data-auto="product-tile--title"
                        ><span
                          class="styled__Text-sc-1xbujuz-1 ldbwMG beans-link__text"
                          >Tesco Finest Unsmoked Drycure Back Bacon 8 Rashers
                          240G</span
                        ></a
                      >
                    </h3>
                    <div
                      class="styles__StyledProductDetailsContent-dvv1wj-5 ddRSrq"
                    >
                      <a
                        href="/groceries/en-GB/reviews/submission/275174349?from=%2Fshop%2Fsummer-bbq%2Fbbq-steaks-and-meats%2Fall%3Fpage%3D1%26count%3D48"
                        aria-label="Write a review for Tesco Finest Unsmoked Drycure Back Bacon 8 Rashers 240G"
                        class="styled__Anchor-sc-1xbujuz-0 cFilde beans-link__anchor"
                        data-auto="review-link"
                        ><span
                          class="styled__Text-sc-1xbujuz-1 fyDIEo beans-link__text"
                          >Write a review</span
                        ><span
                          class="styled__IconContainer-sc-1xbujuz-2 bSauSL beans-link__icon-container"
                          ><svg
                            aria-hidden="true"
                            class="styled__SVG-xxa4wh-1 hQMCqc beans-link__icon beans-icon__svg"
                            height="13.33"
                            preserveAspectRatio="xMinYMax meet"
                            viewBox="-1 0 12 20"
                            width="8"
                            xmlns="http://www.w3.org/2000/svg"
                            color="currentColor"
                          >
                            <path
                              d="M1.312 1.348L10.276 10l-8.964 8.644"
                              fill="none"
                              stroke="currentColor"
                            ></path></svg></span
                      ></a>
                      <div>
                        <a
                          href="/groceries/en-GB/shop/fresh-food/fresh-meat-and-poultry/fresh-bacon-and-gammon/bacon-rashers"
                          class="styled__Anchor-sc-1xbujuz-0 cFilde beans-link__anchor"
                          ><span
                            class="styled__Text-sc-1xbujuz-1 fyDIEo beans-link__text"
                            >Rest of
                            <span class="visually-hidden">Bacon Rashers</span>
                            shelf</span
                          ><span
                            class="styled__IconContainer-sc-1xbujuz-2 bSauSL beans-link__icon-container"
                            ><svg
                              aria-hidden="true"
                              class="styled__SVG-xxa4wh-1 hQMCqc beans-link__icon beans-icon__svg"
                              height="13.33"
                              preserveAspectRatio="xMinYMax meet"
                              viewBox="-1 0 12 20"
                              width="8"
                              xmlns="http://www.w3.org/2000/svg"
                              color="currentColor"
                            >
                              <path
                                d="M1.312 1.348L10.276 10l-8.964 8.644"
                                fill="none"
                                stroke="currentColor"
                              ></path></svg></span
                        ></a>
                      </div>
                      <div class="product-info-message-section">
                        <div class="product-info-message-list"></div>
                      </div>
                    </div>
                    <div
                      class="styles__StyledPromotionsWithBuyBoxWrapper-dvv1wj-8 cZskDh"
                    >
                      <div
                        class="styles__StyledPromotionsAboveMobile-dvv1wj-7 iPTMuo"
                      >
                        <div
                          class="styles__StyledPromotionsWithClubcardPriceContainer-sc-1vdpoop-0 bsPFbn"
                        >
                          <div
                            class="styles__StyledClubcardLogo-sc-1vdpoop-2 elOZEB"
                          >
                            <div
                              class="styles__Wrapper-sc-1d2phhy-0 hgBuQG undefined special-offer-sash"
                            >
                              <span
                                class="styles__CircleWrapper-sc-1d2phhy-2 hCbzjm"
                                ><strong
                                  class="styles__TextWrapper-sc-1d2phhy-1 bLXNGg"
                                  >Clubcard Price</strong
                                ></span
                              >
                            </div>
                          </div>
                          <a href="/groceries/en-GB/promotions/88504824"
                            ><div
                              class="styles__ProductPromotionStyling-sc-1vdpoop-3 cKitpL"
                            >
                              <div
                                class="styles__StyledPromotionsOfferContent-sc-1vdpoop-1 cPSekc"
                              >
                                <span class="offer-text"
                                  >£2.25 Clubcard Price</span
                                >
                              </div>
                              <span class="dates"
                                >Offer valid for delivery from 25/05/2022 until
                                14/06/2022</span
                              >
                            </div></a
                          >
                        </div>
                      </div>
                      <div class="styles__StyledBuyBoxWrapper-dvv1wj-4 dSvjUC">
                        <div
                          class="styles__StyledBuyBoxContainer-sc-1wx0qp6-0 dAXuso"
                          data-auto="buybox-container"
                        >
                          <form
                            action="/groceries/en-GB/trolley/items/275174349?_method=PUT"
                            method="POST"
                            quantitytype="simple-quantity"
                            class="styles__SafeFormWrapper-jtpu2t-0 lcrYKS"
                          >
                            <input type="submit" class="hidden" /><input
                              type="hidden"
                              name="id"
                              value="275174349"
                            /><input
                              type="hidden"
                              name="identifier"
                              value="Page"
                            /><input
                              type="hidden"
                              name="anchorId"
                              value="#tile-275174349"
                            /><input
                              type="hidden"
                              name="returnUrl"
                              value="/groceries/en-GB/shop/summer-bbq/bbq-steaks-and-meats/all?page=1&amp;count=48#tile-275174349"
                            /><input
                              type="hidden"
                              name="backToUrl"
                              value="#"
                            /><input
                              type="hidden"
                              name="oldValue"
                              value="0"
                            /><input
                              type="hidden"
                              name="oldUnitChoice"
                              value="pcs"
                            /><input
                              type="hidden"
                              name="newUnitChoice"
                              value="pcs"
                            />
                            <div
                              class="base-components__RootElement-sc-1mosoyj-1 styled__Container-sc-6nhkzi-0 jptQqM hSNpTb beans-buybox__container"
                            >
                              <div
                                class="base-components__BaseElement-sc-1mosoyj-0 styled__PriceAndActions-sc-6nhkzi-3 oznwo eEPLov beans-buybox__price-and-actions"
                              >
                                <div
                                  class="base-components__RootElement-sc-1mosoyj-1 styled__Container-sc-8qlq5b-0 jptQqM bgZrjw styled__StyledPrice-sc-6nhkzi-5 iYHeik beans-buybox__price beans-price__container"
                                >
                                  <p
                                    class="styled__StyledHeading-sc-119w3hf-2 jWPEtj styled__Text-sc-8qlq5b-1 lnaeiZ beans-price__text"
                                  >
                                    £2.75
                                  </p>
                                  <p
                                    class="styled__StyledFootnote-sc-119w3hf-7 icrlVF styled__Subtext-sc-8qlq5b-2 bNJmdc beans-price__subtext"
                                  >
                                    £11.46/kg
                                  </p>
                                </div>
                                <div
                                  class="base-components__RootElement-sc-1mosoyj-1 styled__Container-vtxwzb-0 jptQqM bDFhXJ beans-buybox__actions beans-quantity-controls__container"
                                >
                                  <div
                                    class="base-components__RootElement-sc-1mosoyj-1 styled__Container-sc-16t2b2a-0 jptQqM PUfgZ styled__StyledFormGroup-vtxwzb-1 kzKuAr beans-quantity-controls__form-group beans-form-group__container"
                                  >
                                    <label
                                      class="styled__StyledLabel-sc-1ttuvhr-0 bwxooU beans-form-group__label beans-label"
                                      for="quantity-controls-275174349"
                                      >Quantity controls<!-- -->
                                    </label>
                                    <div
                                      class="base-components__BaseElement-sc-1mosoyj-0 styled__Children-sc-16t2b2a-3 oznwo gdJvjO beans-form-group__children"
                                    >
                                      <div
                                        class="styled__StyledQuantityControlWrapper-vtxwzb-6 LCxOg"
                                      >
                                        <label
                                          id="quantity-controls-275174349-label"
                                          class="styled__VisuallyHiddenLabel-vtxwzb-7 gXlLiM"
                                          >add Tesco Finest Unsmoked Drycure
                                          Back Bacon 8 Rashers 240G to
                                          basket</label
                                        ><input
                                          type="number"
                                          class="base-components__RootElement-sc-1mosoyj-1 styled__StyledInput-sc-1jd5f57-0 jptQqM hupFMH styled__StyledInput-vtxwzb-3 lwMHo beans-quantity-controls__input beans-input"
                                          data-auto="beans-quantity-controls-input"
                                          autocomplete="off"
                                          id="quantity-controls-275174349"
                                          maxlength="2"
                                          name="newValue"
                                          aria-labelledby="quantity-controls-275174349-label"
                                          value="1"
                                        />
                                      </div>
                                      <button
                                        class="styled__BaseButton-rsekm1-0 styled__PrimaryButton-rsekm1-2 jChbeY geeWOF styled__StyledButton-vtxwzb-5 japAxb beans-quantity-controls__add-button beans-button__container"
                                        type="submit"
                                        data-auto="beans-quantity-controls-add-button"
                                        aria-label="add Tesco Finest Unsmoked Drycure Back Bacon 8 Rashers 240G to basket"
                                      >
                                        <span
                                          class="base-components__BaseElement-sc-1mosoyj-0 styled__InnerContainer-rsekm1-1 oznwo fuFres beans-button__inner-container"
                                          ><span
                                            class="base-components__BaseElement-sc-1mosoyj-0 styled__TextSpan-rsekm1-4 oznwo GDiMp beans-button__text"
                                            >Add</span
                                          ></span
                                        >
                                      </button>
                                    </div>
                                  </div>
                                </div>
                              </div>
                            </div>
                            <input
                              type="hidden"
                              name="_csrf"
                              value="IF27hEy7-e8rc-JXh6PMvwMk_UVHaG6Azp1k"
                            />
                          </form>
                        </div>
                      </div>
                    </div>
                  </div>
                  <div class="hidden-medium product-info-section-small">
                    <div class="product-info-message-list"></div>
                  </div>
                </div>
                <div class="styles__StyledPromotionsMobile-dvv1wj-6 Bxaeb">
                  <div>
                    <div
                      class="styles__StyledPromotionsWithClubcardPriceContainer-sc-1vdpoop-0 bsPFbn"
                    >
                      <div
                        class="styles__StyledClubcardLogo-sc-1vdpoop-2 elOZEB"
                      >
                        <div
                          class="styles__Wrapper-sc-1d2phhy-0 hgBuQG undefined special-offer-sash"
                        >
                          <span
                            class="styles__CircleWrapper-sc-1d2phhy-2 hCbzjm"
                            ><strong
                              class="styles__TextWrapper-sc-1d2phhy-1 bLXNGg"
                              >Clubcard Price</strong
                            ></span
                          >
                        </div>
                      </div>
                      <a href="/groceries/en-GB/promotions/88504824"
                        ><div
                          class="styles__ProductPromotionStyling-sc-1vdpoop-3 cKitpL"
                        >
                          <div
                            class="styles__StyledPromotionsOfferContent-sc-1vdpoop-1 cPSekc"
                          >
                            <span class="offer-text">£2.25 Clubcard Price</span>
                          </div>
                          <span class="dates"
                            >Offer valid for delivery from 25/05/2022 until
                            14/06/2022</span
                          >
                        </div></a
                      >
                    </div>
                  </div>
                </div>
              </div>
            </div>
          </div>
        </li>
        <li class="product-list--list-item">
          <div class="styles__StyledVerticalTileWrapper-dvv1wj-0 dtCNPH">
            <div
              data-auto="product-tile"
              data-auto-type="Quantity"
              data-auto-available="true"
              data-auto-is-restricted-disabled="false"
              data-auto-is-substitute="false"
              class="styles__StyledVerticalTile-dvv1wj-1 hJqNin"
            >
              <div
                class="styles__StyledTileContentWrapper-dvv1wj-2 bkNhNP beans"
              >
                <div
                  id="tile-251523740"
                  data-auto-id="251523740"
                  class="styles__StyledTiledContent-dvv1wj-3 bcglTg"
                >
                  <a
                    href="/groceries/en-GB/products/251523740"
                    aria-hidden="true"
                    class="product-image-wrapper"
                    tabindex="1"
                    ><div class="product-image__container">
                      <picture
                        ><img
                          class="styled__Image-sjvkdn-0 bJErKA product-image beans-responsive-image__image"
                          src="https://digitalcontent.api.tesco.com/v2/media/ghs/120a03e7-a244-4e2f-accc-b71a375b4f31/5cd69669-9133-4ca2-aa52-b080987446df.jpeg?h=225&amp;w=225"
                          srcset="
                            https://digitalcontent.api.tesco.com/v2/media/ghs/120a03e7-a244-4e2f-accc-b71a375b4f31/5cd69669-9133-4ca2-aa52-b080987446df.jpeg?h=225&amp;w=225  768w,
                            https://digitalcontent.api.tesco.com/v2/media/ghs/120a03e7-a244-4e2f-accc-b71a375b4f31/5cd69669-9133-4ca2-aa52-b080987446df.jpeg?h=225&amp;w=225 4000w
                          "
                          alt="Tesco Finest 12 Pork British Chipolata 375G"
                      /></picture></div
                  ></a>
                  <div class="product-details--wrapper">
                    <h3>
                      <a
                        href="/groceries/en-GB/products/251523740"
                        class="styled__Anchor-sc-1xbujuz-0 bmBCJq beans-link__anchor"
                        data-auto="product-tile--title"
                        ><span
                          class="styled__Text-sc-1xbujuz-1 ldbwMG beans-link__text"
                          >Tesco Finest 12 Pork British Chipolata 375G</span
                        ></a
                      >
                    </h3>
                    <div
                      class="styles__StyledProductDetailsContent-dvv1wj-5 ddRSrq"
                    >
                      <a
                        href="/groceries/en-GB/reviews/submission/251523740?from=%2Fshop%2Fsummer-bbq%2Fbbq-steaks-and-meats%2Fall%3Fpage%3D1%26count%3D48"
                        aria-label="Write a review for Tesco Finest 12 Pork British Chipolata 375G"
                        class="styled__Anchor-sc-1xbujuz-0 cFilde beans-link__anchor"
                        data-auto="review-link"
                        ><span
                          class="styled__Text-sc-1xbujuz-1 fyDIEo beans-link__text"
                          >Write a review</span
                        ><span
                          class="styled__IconContainer-sc-1xbujuz-2 bSauSL beans-link__icon-container"
                          ><svg
                            aria-hidden="true"
                            class="styled__SVG-xxa4wh-1 hQMCqc beans-link__icon beans-icon__svg"
                            height="13.33"
                            preserveAspectRatio="xMinYMax meet"
                            viewBox="-1 0 12 20"
                            width="8"
                            xmlns="http://www.w3.org/2000/svg"
                            color="currentColor"
                          >
                            <path
                              d="M1.312 1.348L10.276 10l-8.964 8.644"
                              fill="none"
                              stroke="currentColor"
                            ></path></svg></span
                      ></a>
                      <div>
                        <a
                          href="/groceries/en-GB/shop/fresh-food/fresh-meat-and-poultry/sausages/chipolata-sausages"
                          class="styled__Anchor-sc-1xbujuz-0 cFilde beans-link__anchor"
                          ><span
                            class="styled__Text-sc-1xbujuz-1 fyDIEo beans-link__text"
                            >Rest of
                            <span class="visually-hidden"
                              >Chipolata Sausages</span
                            >
                            shelf</span
                          ><span
                            class="styled__IconContainer-sc-1xbujuz-2 bSauSL beans-link__icon-container"
                            ><svg
                              aria-hidden="true"
                              class="styled__SVG-xxa4wh-1 hQMCqc beans-link__icon beans-icon__svg"
                              height="13.33"
                              preserveAspectRatio="xMinYMax meet"
                              viewBox="-1 0 12 20"
                              width="8"
                              xmlns="http://www.w3.org/2000/svg"
                              color="currentColor"
                            >
                              <path
                                d="M1.312 1.348L10.276 10l-8.964 8.644"
                                fill="none"
                                stroke="currentColor"
                              ></path></svg></span
                        ></a>
                      </div>
                      <div class="product-info-message-section">
                        <div class="product-info-message-list"></div>
                      </div>
                    </div>
                    <div
                      class="styles__StyledPromotionsWithBuyBoxWrapper-dvv1wj-8 cZskDh"
                    >
                      <div
                        class="styles__StyledPromotionsAboveMobile-dvv1wj-7 iPTMuo"
                      >
                        <div
                          class="styles__StyledPromotionsWithClubcardPriceContainer-sc-1vdpoop-0 bsPFbn"
                        >
                          <div
                            class="styles__StyledClubcardLogo-sc-1vdpoop-2 elOZEB"
                          >
                            <div
                              class="styles__Wrapper-sc-1d2phhy-0 hgBuQG undefined special-offer-sash"
                            >
                              <span
                                class="styles__CircleWrapper-sc-1d2phhy-2 hCbzjm"
                                ><strong
                                  class="styles__TextWrapper-sc-1d2phhy-1 bLXNGg"
                                  >Clubcard Price</strong
                                ></span
                              >
                            </div>
                          </div>
                          <a href="/groceries/en-GB/promotions/88502950"
                            ><div
                              class="styles__ProductPromotionStyling-sc-1vdpoop-3 cKitpL"
                            >
                              <div
                                class="styles__StyledPromotionsOfferContent-sc-1vdpoop-1 cPSekc"
                              >
                                <span class="offer-text"
                                  >£2.25 Clubcard Price</span
                                >
                              </div>
                              <span class="dates"
                                >Offer valid for delivery from 25/05/2022 until
                                14/06/2022</span
                              >
                            </div></a
                          >
                        </div>
                      </div>
                      <div class="styles__StyledBuyBoxWrapper-dvv1wj-4 dSvjUC">
                        <div
                          class="styles__StyledBuyBoxContainer-sc-1wx0qp6-0 dAXuso"
                          data-auto="buybox-container"
                        >
                          <form
                            action="/groceries/en-GB/trolley/items/251523740?_method=PUT"
                            method="POST"
                            quantitytype="simple-quantity"
                            class="styles__SafeFormWrapper-jtpu2t-0 lcrYKS"
                          >
                            <input type="submit" class="hidden" /><input
                              type="hidden"
                              name="id"
                              value="251523740"
                            /><input
                              type="hidden"
                              name="identifier"
                              value="Page"
                            /><input
                              type="hidden"
                              name="anchorId"
                              value="#tile-251523740"
                            /><input
                              type="hidden"
                              name="returnUrl"
                              value="/groceries/en-GB/shop/summer-bbq/bbq-steaks-and-meats/all?page=1&amp;count=48#tile-251523740"
                            /><input
                              type="hidden"
                              name="backToUrl"
                              value="#"
                            /><input
                              type="hidden"
                              name="oldValue"
                              value="0"
                            /><input
                              type="hidden"
                              name="oldUnitChoice"
                              value="pcs"
                            /><input
                              type="hidden"
                              name="newUnitChoice"
                              value="pcs"
                            />
                            <div
                              class="base-components__RootElement-sc-1mosoyj-1 styled__Container-sc-6nhkzi-0 jptQqM hSNpTb beans-buybox__container"
                            >
                              <div
                                class="base-components__BaseElement-sc-1mosoyj-0 styled__PriceAndActions-sc-6nhkzi-3 oznwo eEPLov beans-buybox__price-and-actions"
                              >
                                <div
                                  class="base-components__RootElement-sc-1mosoyj-1 styled__Container-sc-8qlq5b-0 jptQqM bgZrjw styled__StyledPrice-sc-6nhkzi-5 iYHeik beans-buybox__price beans-price__container"
                                >
                                  <p
                                    class="styled__StyledHeading-sc-119w3hf-2 jWPEtj styled__Text-sc-8qlq5b-1 lnaeiZ beans-price__text"
                                  >
                                    £2.75
                                  </p>
                                  <p
                                    class="styled__StyledFootnote-sc-119w3hf-7 icrlVF styled__Subtext-sc-8qlq5b-2 bNJmdc beans-price__subtext"
                                  >
                                    £7.34/kg
                                  </p>
                                </div>
                                <div
                                  class="base-components__RootElement-sc-1mosoyj-1 styled__Container-vtxwzb-0 jptQqM bDFhXJ beans-buybox__actions beans-quantity-controls__container"
                                >
                                  <div
                                    class="base-components__RootElement-sc-1mosoyj-1 styled__Container-sc-16t2b2a-0 jptQqM PUfgZ styled__StyledFormGroup-vtxwzb-1 kzKuAr beans-quantity-controls__form-group beans-form-group__container"
                                  >
                                    <label
                                      class="styled__StyledLabel-sc-1ttuvhr-0 bwxooU beans-form-group__label beans-label"
                                      for="quantity-controls-251523740"
                                      >Quantity controls<!-- -->
                                    </label>
                                    <div
                                      class="base-components__BaseElement-sc-1mosoyj-0 styled__Children-sc-16t2b2a-3 oznwo gdJvjO beans-form-group__children"
                                    >
                                      <div
                                        class="styled__StyledQuantityControlWrapper-vtxwzb-6 LCxOg"
                                      >
                                        <label
                                          id="quantity-controls-251523740-label"
                                          class="styled__VisuallyHiddenLabel-vtxwzb-7 gXlLiM"
                                          >add Tesco Finest 12 Pork British
                                          Chipolata 375G to basket</label
                                        ><input
                                          type="number"
                                          class="base-components__RootElement-sc-1mosoyj-1 styled__StyledInput-sc-1jd5f57-0 jptQqM hupFMH styled__StyledInput-vtxwzb-3 lwMHo beans-quantity-controls__input beans-input"
                                          data-auto="beans-quantity-controls-input"
                                          autocomplete="off"
                                          id="quantity-controls-251523740"
                                          maxlength="2"
                                          name="newValue"
                                          aria-labelledby="quantity-controls-251523740-label"
                                          value="1"
                                        />
                                      </div>
                                      <button
                                        class="styled__BaseButton-rsekm1-0 styled__PrimaryButton-rsekm1-2 jChbeY geeWOF styled__StyledButton-vtxwzb-5 japAxb beans-quantity-controls__add-button beans-button__container"
                                        type="submit"
                                        data-auto="beans-quantity-controls-add-button"
                                        aria-label="add Tesco Finest 12 Pork British Chipolata 375G to basket"
                                      >
                                        <span
                                          class="base-components__BaseElement-sc-1mosoyj-0 styled__InnerContainer-rsekm1-1 oznwo fuFres beans-button__inner-container"
                                          ><span
                                            class="base-components__BaseElement-sc-1mosoyj-0 styled__TextSpan-rsekm1-4 oznwo GDiMp beans-button__text"
                                            >Add</span
                                          ></span
                                        >
                                      </button>
                                    </div>
                                  </div>
                                </div>
                              </div>
                            </div>
                            <input
                              type="hidden"
                              name="_csrf"
                              value="IF27hEy7-e8rc-JXh6PMvwMk_UVHaG6Azp1k"
                            />
                          </form>
                        </div>
                      </div>
                    </div>
                  </div>
                  <div class="hidden-medium product-info-section-small">
                    <div class="product-info-message-list"></div>
                  </div>
                </div>
                <div class="styles__StyledPromotionsMobile-dvv1wj-6 Bxaeb">
                  <div>
                    <div
                      class="styles__StyledPromotionsWithClubcardPriceContainer-sc-1vdpoop-0 bsPFbn"
                    >
                      <div
                        class="styles__StyledClubcardLogo-sc-1vdpoop-2 elOZEB"
                      >
                        <div
                          class="styles__Wrapper-sc-1d2phhy-0 hgBuQG undefined special-offer-sash"
                        >
                          <span
                            class="styles__CircleWrapper-sc-1d2phhy-2 hCbzjm"
                            ><strong
                              class="styles__TextWrapper-sc-1d2phhy-1 bLXNGg"
                              >Clubcard Price</strong
                            ></span
                          >
                        </div>
                      </div>
                      <a href="/groceries/en-GB/promotions/88502950"
                        ><div
                          class="styles__ProductPromotionStyling-sc-1vdpoop-3 cKitpL"
                        >
                          <div
                            class="styles__StyledPromotionsOfferContent-sc-1vdpoop-1 cPSekc"
                          >
                            <span class="offer-text">£2.25 Clubcard Price</span>
                          </div>
                          <span class="dates"
                            >Offer valid for delivery from 25/05/2022 until
                            14/06/2022</span
                          >
                        </div></a
                      >
                    </div>
                  </div>
                </div>
              </div>
            </div>
          </div>
        </li>
        <li class="product-list--list-item">
          <div class="styles__StyledVerticalTileWrapper-dvv1wj-0 dtCNPH">
            <div
              data-auto="product-tile"
              data-auto-type="Quantity"
              data-auto-available="true"
              data-auto-is-restricted-disabled="false"
              data-auto-is-substitute="false"
              class="styles__StyledVerticalTile-dvv1wj-1 hJqNin"
            >
              <div
                class="styles__StyledTileContentWrapper-dvv1wj-2 bkNhNP beans"
              >
                <div
                  id="tile-275174361"
                  data-auto-id="275174361"
                  class="styles__StyledTiledContent-dvv1wj-3 bcglTg"
                >
                  <a
                    href="/groceries/en-GB/products/275174361"
                    aria-hidden="true"
                    class="product-image-wrapper"
                    tabindex="1"
                    ><div class="product-image__container">
                      <picture
                        ><img
                          class="styled__Image-sjvkdn-0 bJErKA product-image beans-responsive-image__image"
                          src="https://digitalcontent.api.tesco.com/v2/media/ghs/31d3115d-cd5f-4776-a543-3b23a4711767/e72d31cd-3db1-4f48-9be7-c20a60a0429f.jpeg?h=225&amp;w=225"
                          srcset="
                            https://digitalcontent.api.tesco.com/v2/media/ghs/31d3115d-cd5f-4776-a543-3b23a4711767/e72d31cd-3db1-4f48-9be7-c20a60a0429f.jpeg?h=225&amp;w=225  768w,
                            https://digitalcontent.api.tesco.com/v2/media/ghs/31d3115d-cd5f-4776-a543-3b23a4711767/e72d31cd-3db1-4f48-9be7-c20a60a0429f.jpeg?h=225&amp;w=225 4000w
                          "
                          alt="Tesco Finest Smoked Dry Cure Back Bacon 8 Rashers 240G"
                      /></picture></div
                  ></a>
                  <div class="product-details--wrapper">
                    <h3>
                      <a
                        href="/groceries/en-GB/products/275174361"
                        class="styled__Anchor-sc-1xbujuz-0 bmBCJq beans-link__anchor"
                        data-auto="product-tile--title"
                        ><span
                          class="styled__Text-sc-1xbujuz-1 ldbwMG beans-link__text"
                          >Tesco Finest Smoked Dry Cure Back Bacon 8 Rashers
                          240G</span
                        ></a
                      >
                    </h3>
                    <div
                      class="styles__StyledProductDetailsContent-dvv1wj-5 ddRSrq"
                    >
                      <a
                        href="/groceries/en-GB/reviews/submission/275174361?from=%2Fshop%2Fsummer-bbq%2Fbbq-steaks-and-meats%2Fall%3Fpage%3D1%26count%3D48"
                        aria-label="Write a review for Tesco Finest Smoked Dry Cure Back Bacon 8 Rashers 240G"
                        class="styled__Anchor-sc-1xbujuz-0 cFilde beans-link__anchor"
                        data-auto="review-link"
                        ><span
                          class="styled__Text-sc-1xbujuz-1 fyDIEo beans-link__text"
                          >Write a review</span
                        ><span
                          class="styled__IconContainer-sc-1xbujuz-2 bSauSL beans-link__icon-container"
                          ><svg
                            aria-hidden="true"
                            class="styled__SVG-xxa4wh-1 hQMCqc beans-link__icon beans-icon__svg"
                            height="13.33"
                            preserveAspectRatio="xMinYMax meet"
                            viewBox="-1 0 12 20"
                            width="8"
                            xmlns="http://www.w3.org/2000/svg"
                            color="currentColor"
                          >
                            <path
                              d="M1.312 1.348L10.276 10l-8.964 8.644"
                              fill="none"
                              stroke="currentColor"
                            ></path></svg></span
                      ></a>
                      <div>
                        <a
                          href="/groceries/en-GB/shop/fresh-food/fresh-meat-and-poultry/fresh-bacon-and-gammon/bacon-rashers"
                          class="styled__Anchor-sc-1xbujuz-0 cFilde beans-link__anchor"
                          ><span
                            class="styled__Text-sc-1xbujuz-1 fyDIEo beans-link__text"
                            >Rest of
                            <span class="visually-hidden">Bacon Rashers</span>
                            shelf</span
                          ><span
                            class="styled__IconContainer-sc-1xbujuz-2 bSauSL beans-link__icon-container"
                            ><svg
                              aria-hidden="true"
                              class="styled__SVG-xxa4wh-1 hQMCqc beans-link__icon beans-icon__svg"
                              height="13.33"
                              preserveAspectRatio="xMinYMax meet"
                              viewBox="-1 0 12 20"
                              width="8"
                              xmlns="http://www.w3.org/2000/svg"
                              color="currentColor"
                            >
                              <path
                                d="M1.312 1.348L10.276 10l-8.964 8.644"
                                fill="none"
                                stroke="currentColor"
                              ></path></svg></span
                        ></a>
                      </div>
                      <div class="product-info-message-section">
                        <div class="product-info-message-list"></div>
                      </div>
                    </div>
                    <div
                      class="styles__StyledPromotionsWithBuyBoxWrapper-dvv1wj-8 cZskDh"
                    >
                      <div
                        class="styles__StyledPromotionsAboveMobile-dvv1wj-7 iPTMuo"
                      >
                        <div
                          class="styles__StyledPromotionsWithClubcardPriceContainer-sc-1vdpoop-0 bsPFbn"
                        >
                          <div
                            class="styles__StyledClubcardLogo-sc-1vdpoop-2 elOZEB"
                          >
                            <div
                              class="styles__Wrapper-sc-1d2phhy-0 hgBuQG undefined special-offer-sash"
                            >
                              <span
                                class="styles__CircleWrapper-sc-1d2phhy-2 hCbzjm"
                                ><strong
                                  class="styles__TextWrapper-sc-1d2phhy-1 bLXNGg"
                                  >Clubcard Price</strong
                                ></span
                              >
                            </div>
                          </div>
                          <a href="/groceries/en-GB/promotions/88504825"
                            ><div
                              class="styles__ProductPromotionStyling-sc-1vdpoop-3 cKitpL"
                            >
                              <div
                                class="styles__StyledPromotionsOfferContent-sc-1vdpoop-1 cPSekc"
                              >
                                <span class="offer-text"
                                  >£2.25 Clubcard Price</span
                                >
                              </div>
                              <span class="dates"
                                >Offer valid for delivery from 25/05/2022 until
                                14/06/2022</span
                              >
                            </div></a
                          >
                        </div>
                      </div>
                      <div class="styles__StyledBuyBoxWrapper-dvv1wj-4 dSvjUC">
                        <div
                          class="styles__StyledBuyBoxContainer-sc-1wx0qp6-0 dAXuso"
                          data-auto="buybox-container"
                        >
                          <form
                            action="/groceries/en-GB/trolley/items/275174361?_method=PUT"
                            method="POST"
                            quantitytype="simple-quantity"
                            class="styles__SafeFormWrapper-jtpu2t-0 lcrYKS"
                          >
                            <input type="submit" class="hidden" /><input
                              type="hidden"
                              name="id"
                              value="275174361"
                            /><input
                              type="hidden"
                              name="identifier"
                              value="Page"
                            /><input
                              type="hidden"
                              name="anchorId"
                              value="#tile-275174361"
                            /><input
                              type="hidden"
                              name="returnUrl"
                              value="/groceries/en-GB/shop/summer-bbq/bbq-steaks-and-meats/all?page=1&amp;count=48#tile-275174361"
                            /><input
                              type="hidden"
                              name="backToUrl"
                              value="#"
                            /><input
                              type="hidden"
                              name="oldValue"
                              value="0"
                            /><input
                              type="hidden"
                              name="oldUnitChoice"
                              value="pcs"
                            /><input
                              type="hidden"
                              name="newUnitChoice"
                              value="pcs"
                            />
                            <div
                              class="base-components__RootElement-sc-1mosoyj-1 styled__Container-sc-6nhkzi-0 jptQqM hSNpTb beans-buybox__container"
                            >
                              <div
                                class="base-components__BaseElement-sc-1mosoyj-0 styled__PriceAndActions-sc-6nhkzi-3 oznwo eEPLov beans-buybox__price-and-actions"
                              >
                                <div
                                  class="base-components__RootElement-sc-1mosoyj-1 styled__Container-sc-8qlq5b-0 jptQqM bgZrjw styled__StyledPrice-sc-6nhkzi-5 iYHeik beans-buybox__price beans-price__container"
                                >
                                  <p
                                    class="styled__StyledHeading-sc-119w3hf-2 jWPEtj styled__Text-sc-8qlq5b-1 lnaeiZ beans-price__text"
                                  >
                                    £2.75
                                  </p>
                                  <p
                                    class="styled__StyledFootnote-sc-119w3hf-7 icrlVF styled__Subtext-sc-8qlq5b-2 bNJmdc beans-price__subtext"
                                  >
                                    £11.46/kg
                                  </p>
                                </div>
                                <div
                                  class="base-components__RootElement-sc-1mosoyj-1 styled__Container-vtxwzb-0 jptQqM bDFhXJ beans-buybox__actions beans-quantity-controls__container"
                                >
                                  <div
                                    class="base-components__RootElement-sc-1mosoyj-1 styled__Container-sc-16t2b2a-0 jptQqM PUfgZ styled__StyledFormGroup-vtxwzb-1 kzKuAr beans-quantity-controls__form-group beans-form-group__container"
                                  >
                                    <label
                                      class="styled__StyledLabel-sc-1ttuvhr-0 bwxooU beans-form-group__label beans-label"
                                      for="quantity-controls-275174361"
                                      >Quantity controls<!-- -->
                                    </label>
                                    <div
                                      class="base-components__BaseElement-sc-1mosoyj-0 styled__Children-sc-16t2b2a-3 oznwo gdJvjO beans-form-group__children"
                                    >
                                      <div
                                        class="styled__StyledQuantityControlWrapper-vtxwzb-6 LCxOg"
                                      >
                                        <label
                                          id="quantity-controls-275174361-label"
                                          class="styled__VisuallyHiddenLabel-vtxwzb-7 gXlLiM"
                                          >add Tesco Finest Smoked Dry Cure Back
                                          Bacon 8 Rashers 240G to basket</label
                                        ><input
                                          type="number"
                                          class="base-components__RootElement-sc-1mosoyj-1 styled__StyledInput-sc-1jd5f57-0 jptQqM hupFMH styled__StyledInput-vtxwzb-3 lwMHo beans-quantity-controls__input beans-input"
                                          data-auto="beans-quantity-controls-input"
                                          autocomplete="off"
                                          id="quantity-controls-275174361"
                                          maxlength="2"
                                          name="newValue"
                                          aria-labelledby="quantity-controls-275174361-label"
                                          value="1"
                                        />
                                      </div>
                                      <button
                                        class="styled__BaseButton-rsekm1-0 styled__PrimaryButton-rsekm1-2 jChbeY geeWOF styled__StyledButton-vtxwzb-5 japAxb beans-quantity-controls__add-button beans-button__container"
                                        type="submit"
                                        data-auto="beans-quantity-controls-add-button"
                                        aria-label="add Tesco Finest Smoked Dry Cure Back Bacon 8 Rashers 240G to basket"
                                      >
                                        <span
                                          class="base-components__BaseElement-sc-1mosoyj-0 styled__InnerContainer-rsekm1-1 oznwo fuFres beans-button__inner-container"
                                          ><span
                                            class="base-components__BaseElement-sc-1mosoyj-0 styled__TextSpan-rsekm1-4 oznwo GDiMp beans-button__text"
                                            >Add</span
                                          ></span
                                        >
                                      </button>
                                    </div>
                                  </div>
                                </div>
                              </div>
                            </div>
                            <input
                              type="hidden"
                              name="_csrf"
                              value="IF27hEy7-e8rc-JXh6PMvwMk_UVHaG6Azp1k"
                            />
                          </form>
                        </div>
                      </div>
                    </div>
                  </div>
                  <div class="hidden-medium product-info-section-small">
                    <div class="product-info-message-list"></div>
                  </div>
                </div>
                <div class="styles__StyledPromotionsMobile-dvv1wj-6 Bxaeb">
                  <div>
                    <div
                      class="styles__StyledPromotionsWithClubcardPriceContainer-sc-1vdpoop-0 bsPFbn"
                    >
                      <div
                        class="styles__StyledClubcardLogo-sc-1vdpoop-2 elOZEB"
                      >
                        <div
                          class="styles__Wrapper-sc-1d2phhy-0 hgBuQG undefined special-offer-sash"
                        >
                          <span
                            class="styles__CircleWrapper-sc-1d2phhy-2 hCbzjm"
                            ><strong
                              class="styles__TextWrapper-sc-1d2phhy-1 bLXNGg"
                              >Clubcard Price</strong
                            ></span
                          >
                        </div>
                      </div>
                      <a href="/groceries/en-GB/promotions/88504825"
                        ><div
                          class="styles__ProductPromotionStyling-sc-1vdpoop-3 cKitpL"
                        >
                          <div
                            class="styles__StyledPromotionsOfferContent-sc-1vdpoop-1 cPSekc"
                          >
                            <span class="offer-text">£2.25 Clubcard Price</span>
                          </div>
                          <span class="dates"
                            >Offer valid for delivery from 25/05/2022 until
                            14/06/2022</span
                          >
                        </div></a
                      >
                    </div>
                  </div>
                </div>
              </div>
            </div>
          </div>
        </li>
        <li class="product-list--list-item">
          <div class="styles__StyledVerticalTileWrapper-dvv1wj-0 dtCNPH">
            <div
              data-auto="product-tile"
              data-auto-type="Quantity"
              data-auto-available="false"
              data-auto-is-restricted-disabled="false"
              data-auto-is-substitute="false"
              class="styles__StyledVerticalTile-dvv1wj-1 hvlhju"
            >
              <div
                class="styles__StyledTileContentWrapper-dvv1wj-2 bkNhNP beans"
              >
                <div
                  id="tile-273321484"
                  data-auto-id="273321484"
                  class="styles__StyledTiledContent-dvv1wj-3 bcglTg"
                >
                  <a
                    href="/groceries/en-GB/products/273321484"
                    aria-hidden="true"
                    class="product-image-wrapper"
                    tabindex="1"
                    ><div class="product-image__container">
                      <picture
                        ><img
                          class="styled__Image-sjvkdn-0 bJErKA product-image grayscale beans-responsive-image__image"
                          src="https://digitalcontent.api.tesco.com/v2/media/ghs/43afafea-a15f-44bd-a028-abad76d76252/d02f6657-90d6-4542-8b49-f9b7d2a1cf33.jpeg?h=225&amp;w=225"
                          srcset="
                            https://digitalcontent.api.tesco.com/v2/media/ghs/43afafea-a15f-44bd-a028-abad76d76252/d02f6657-90d6-4542-8b49-f9b7d2a1cf33.jpeg?h=225&amp;w=225  768w,
                            https://digitalcontent.api.tesco.com/v2/media/ghs/43afafea-a15f-44bd-a028-abad76d76252/d02f6657-90d6-4542-8b49-f9b7d2a1cf33.jpeg?h=225&amp;w=225 4000w
                          "
                          alt="Tesco Minted Lamb Kebabs 400G"
                      /></picture></div
                  ></a>
                  <div class="product-details--wrapper">
                    <h3>
                      <a
                        href="/groceries/en-GB/products/273321484"
                        class="styled__Anchor-sc-1xbujuz-0 bmBCJq beans-link__anchor"
                        data-auto="product-tile--title"
                        ><span
                          class="styled__Text-sc-1xbujuz-1 ldbwMG beans-link__text"
                          >Tesco Minted Lamb Kebabs 400G</span
                        ></a
                      >
                    </h3>
                    <div
                      class="styles__StyledPromotionsAboveMobile-dvv1wj-7 iPTMuo"
                    ></div>
                    <div
                      class="styles__StyledProductDetailsContent-dvv1wj-5 ddRSrq"
                    >
                      <a
                        href="/groceries/en-GB/reviews/submission/273321484?from=%2Fshop%2Fsummer-bbq%2Fbbq-steaks-and-meats%2Fall%3Fpage%3D1%26count%3D48"
                        aria-label="Write a review for Tesco Minted Lamb Kebabs 400G"
                        class="styled__Anchor-sc-1xbujuz-0 cFilde beans-link__anchor"
                        data-auto="review-link"
                        ><span
                          class="styled__Text-sc-1xbujuz-1 fyDIEo beans-link__text"
                          >Write a review</span
                        ><span
                          class="styled__IconContainer-sc-1xbujuz-2 bSauSL beans-link__icon-container"
                          ><svg
                            aria-hidden="true"
                            class="styled__SVG-xxa4wh-1 hQMCqc beans-link__icon beans-icon__svg"
                            height="13.33"
                            preserveAspectRatio="xMinYMax meet"
                            viewBox="-1 0 12 20"
                            width="8"
                            xmlns="http://www.w3.org/2000/svg"
                            color="currentColor"
                          >
                            <path
                              d="M1.312 1.348L10.276 10l-8.964 8.644"
                              fill="none"
                              stroke="currentColor"
                            ></path></svg></span
                      ></a>
                      <div class="product-info-message-section">
                        <div class="product-info-message-list">
                          <ul>
                            <li>
                              <div
                                data-auto="info-message"
                                class="product-info-message with-warning-background unavailable-messages"
                              >
                                <p>
                                  Sorry, this product is currently unavailable
                                </p>
                              </div>
                            </li>
                          </ul>
                        </div>
                      </div>
                    </div>
                    <div
                      class="styles__StyledRestOfShelfButton-sc-1zolry-0 jqKCro"
                    >
                      <a
                        href="/shop/fresh-food/fresh-meat-and-poultry/fresh-lamb/prepared-lamb"
                        class="styles__StyledRestOfShelfLink-sc-1zolry-1 klfAZc"
                        ><a
                          class="styled__Anchor-sc-16kp6v-0 ebVkbz styled__StyledLink-ey2bia-0 dHydHk beans-link__anchor"
                          ><span
                            class="styled__Text-sc-16kp6v-1 iOdjfG beans-link__text"
                            >Rest of
                            <span class="visually-hidden">Prepared Lamb</span>
                            shelf</span
                          ><span
                            class="styled__IconContainer-sc-16kp6v-2 WcbZx beans-link__icon-container"
                            ><svg
                              aria-hidden="true"
                              class="styled__SVG-xxa4wh-1 hQMCqc beans-link__icon beans-icon__svg"
                              height="20"
                              preserveAspectRatio="xMinYMax meet"
                              viewBox="-1 0 12 20"
                              width="12"
                              xmlns="http://www.w3.org/2000/svg"
                              color="currentColor"
                            >
                              <path
                                d="M1.312 1.348L10.276 10l-8.964 8.644"
                                fill="none"
                                stroke="currentColor"
                              ></path></svg></span></a
                      ></a>
                    </div>
                  </div>
                  <div class="hidden-medium product-info-section-small">
                    <div class="product-info-message-list">
                      <ul>
                        <li>
                          <div
                            data-auto="info-message"
                            class="product-info-message with-warning-background unavailable-messages"
                          >
                            <p>Sorry, this product is currently unavailable</p>
                          </div>
                        </li>
                      </ul>
                    </div>
                  </div>
                </div>
              </div>
            </div>
          </div>
        </li>
        <li class="product-list--list-item">
          <div class="styles__StyledVerticalTileWrapper-dvv1wj-0 dtCNPH">
            <div
              data-auto="product-tile"
              data-auto-type="Quantity"
              data-auto-available="true"
              data-auto-is-restricted-disabled="false"
              data-auto-is-substitute="false"
              class="styles__StyledVerticalTile-dvv1wj-1 hJqNin"
            >
              <div
                class="styles__StyledTileContentWrapper-dvv1wj-2 bkNhNP beans"
              >
                <div
                  id="tile-303127030"
                  data-auto-id="303127030"
                  class="styles__StyledTiledContent-dvv1wj-3 bcglTg"
                >
                  <a
                    href="/groceries/en-GB/products/303127030"
                    aria-hidden="true"
                    class="product-image-wrapper"
                    tabindex="1"
                    ><div class="product-image__container">
                      <picture
                        ><img
                          class="styled__Image-sjvkdn-0 bJErKA product-image beans-responsive-image__image"
                          src="https://digitalcontent.api.tesco.com/v2/media/ghs/ec2d760f-fdd1-43c3-840a-fa774c770528/ecd421af-e3b6-4eff-b3df-08ac304d8f7d.jpeg?h=225&amp;w=225"
                          srcset="
                            https://digitalcontent.api.tesco.com/v2/media/ghs/ec2d760f-fdd1-43c3-840a-fa774c770528/ecd421af-e3b6-4eff-b3df-08ac304d8f7d.jpeg?h=225&amp;w=225  768w,
                            https://digitalcontent.api.tesco.com/v2/media/ghs/ec2d760f-fdd1-43c3-840a-fa774c770528/ecd421af-e3b6-4eff-b3df-08ac304d8f7d.jpeg?h=225&amp;w=225 4000w
                          "
                          alt="Tesco Finest 4 Pork Cheese &amp; Jalapeno Hot Dogs 400G"
                      /></picture></div
                  ></a>
                  <div class="product-details--wrapper">
                    <h3>
                      <a
                        href="/groceries/en-GB/products/303127030"
                        class="styled__Anchor-sc-1xbujuz-0 bmBCJq beans-link__anchor"
                        data-auto="product-tile--title"
                        ><span
                          class="styled__Text-sc-1xbujuz-1 ldbwMG beans-link__text"
                          >Tesco Finest 4 Pork Cheese &amp; Jalapeno Hot Dogs
                          400G</span
                        ></a
                      >
                    </h3>
                    <div
                      class="styles__StyledProductDetailsContent-dvv1wj-5 ddRSrq"
                    >
                      <a
                        href="/groceries/en-GB/reviews/submission/303127030?from=%2Fshop%2Fsummer-bbq%2Fbbq-steaks-and-meats%2Fall%3Fpage%3D1%26count%3D48"
                        aria-label="Write a review for Tesco Finest 4 Pork Cheese &amp; Jalapeno Hot Dogs 400G"
                        class="styled__Anchor-sc-1xbujuz-0 cFilde beans-link__anchor"
                        data-auto="review-link"
                        ><span
                          class="styled__Text-sc-1xbujuz-1 fyDIEo beans-link__text"
                          >Write a review</span
                        ><span
                          class="styled__IconContainer-sc-1xbujuz-2 bSauSL beans-link__icon-container"
                          ><svg
                            aria-hidden="true"
                            class="styled__SVG-xxa4wh-1 hQMCqc beans-link__icon beans-icon__svg"
                            height="13.33"
                            preserveAspectRatio="xMinYMax meet"
                            viewBox="-1 0 12 20"
                            width="8"
                            xmlns="http://www.w3.org/2000/svg"
                            color="currentColor"
                          >
                            <path
                              d="M1.312 1.348L10.276 10l-8.964 8.644"
                              fill="none"
                              stroke="currentColor"
                            ></path></svg></span
                      ></a>
                      <div>
                        <a
                          href="/groceries/en-GB/shop/fresh-food/fresh-meat-and-poultry/sausages/hot-dogs"
                          class="styled__Anchor-sc-1xbujuz-0 cFilde beans-link__anchor"
                          ><span
                            class="styled__Text-sc-1xbujuz-1 fyDIEo beans-link__text"
                            >Rest of
                            <span class="visually-hidden">Hot Dogs</span>
                            shelf</span
                          ><span
                            class="styled__IconContainer-sc-1xbujuz-2 bSauSL beans-link__icon-container"
                            ><svg
                              aria-hidden="true"
                              class="styled__SVG-xxa4wh-1 hQMCqc beans-link__icon beans-icon__svg"
                              height="13.33"
                              preserveAspectRatio="xMinYMax meet"
                              viewBox="-1 0 12 20"
                              width="8"
                              xmlns="http://www.w3.org/2000/svg"
                              color="currentColor"
                            >
                              <path
                                d="M1.312 1.348L10.276 10l-8.964 8.644"
                                fill="none"
                                stroke="currentColor"
                              ></path></svg></span
                        ></a>
                      </div>
                      <div class="product-info-message-section">
                        <div class="product-info-message-list"></div>
                      </div>
                    </div>
                    <div
                      class="styles__StyledPromotionsWithBuyBoxWrapper-dvv1wj-8 cZskDh"
                    >
                      <div
                        class="styles__StyledPromotionsAboveMobile-dvv1wj-7 iPTMuo"
                      >
                        <div
                          class="styles__StyledPromotionsWithClubcardPriceContainer-sc-1vdpoop-0 bsPFbn"
                        >
                          <div
                            class="styles__StyledClubcardLogo-sc-1vdpoop-2 elOZEB"
                          >
                            <div
                              class="styles__Wrapper-sc-1d2phhy-0 hgBuQG undefined special-offer-sash"
                            >
                              <span
                                class="styles__CircleWrapper-sc-1d2phhy-2 hCbzjm"
                                ><strong
                                  class="styles__TextWrapper-sc-1d2phhy-1 bLXNGg"
                                  >Clubcard Price</strong
                                ></span
                              >
                            </div>
                          </div>
                          <a href="/groceries/en-GB/promotions/88502948"
                            ><div
                              class="styles__ProductPromotionStyling-sc-1vdpoop-3 cKitpL"
                            >
                              <div
                                class="styles__StyledPromotionsOfferContent-sc-1vdpoop-1 cPSekc"
                              >
                                <span class="offer-text"
                                  >£2.25 Clubcard Price</span
                                >
                              </div>
                              <span class="dates"
                                >Offer valid for delivery from 25/05/2022 until
                                14/06/2022</span
                              >
                            </div></a
                          >
                        </div>
                      </div>
                      <div class="styles__StyledBuyBoxWrapper-dvv1wj-4 dSvjUC">
                        <div
                          class="styles__StyledBuyBoxContainer-sc-1wx0qp6-0 dAXuso"
                          data-auto="buybox-container"
                        >
                          <form
                            action="/groceries/en-GB/trolley/items/303127030?_method=PUT"
                            method="POST"
                            quantitytype="simple-quantity"
                            class="styles__SafeFormWrapper-jtpu2t-0 lcrYKS"
                          >
                            <input type="submit" class="hidden" /><input
                              type="hidden"
                              name="id"
                              value="303127030"
                            /><input
                              type="hidden"
                              name="identifier"
                              value="Page"
                            /><input
                              type="hidden"
                              name="anchorId"
                              value="#tile-303127030"
                            /><input
                              type="hidden"
                              name="returnUrl"
                              value="/groceries/en-GB/shop/summer-bbq/bbq-steaks-and-meats/all?page=1&amp;count=48#tile-303127030"
                            /><input
                              type="hidden"
                              name="backToUrl"
                              value="#"
                            /><input
                              type="hidden"
                              name="oldValue"
                              value="0"
                            /><input
                              type="hidden"
                              name="oldUnitChoice"
                              value="pcs"
                            /><input
                              type="hidden"
                              name="newUnitChoice"
                              value="pcs"
                            />
                            <div
                              class="base-components__RootElement-sc-1mosoyj-1 styled__Container-sc-6nhkzi-0 jptQqM hSNpTb beans-buybox__container"
                            >
                              <div
                                class="base-components__BaseElement-sc-1mosoyj-0 styled__PriceAndActions-sc-6nhkzi-3 oznwo eEPLov beans-buybox__price-and-actions"
                              >
                                <div
                                  class="base-components__RootElement-sc-1mosoyj-1 styled__Container-sc-8qlq5b-0 jptQqM bgZrjw styled__StyledPrice-sc-6nhkzi-5 iYHeik beans-buybox__price beans-price__container"
                                >
                                  <p
                                    class="styled__StyledHeading-sc-119w3hf-2 jWPEtj styled__Text-sc-8qlq5b-1 lnaeiZ beans-price__text"
                                  >
                                    £2.75
                                  </p>
                                  <p
                                    class="styled__StyledFootnote-sc-119w3hf-7 icrlVF styled__Subtext-sc-8qlq5b-2 bNJmdc beans-price__subtext"
                                  >
                                    £6.88/kg
                                  </p>
                                </div>
                                <div
                                  class="base-components__RootElement-sc-1mosoyj-1 styled__Container-vtxwzb-0 jptQqM bDFhXJ beans-buybox__actions beans-quantity-controls__container"
                                >
                                  <div
                                    class="base-components__RootElement-sc-1mosoyj-1 styled__Container-sc-16t2b2a-0 jptQqM PUfgZ styled__StyledFormGroup-vtxwzb-1 kzKuAr beans-quantity-controls__form-group beans-form-group__container"
                                  >
                                    <label
                                      class="styled__StyledLabel-sc-1ttuvhr-0 bwxooU beans-form-group__label beans-label"
                                      for="quantity-controls-303127030"
                                      >Quantity controls<!-- -->
                                    </label>
                                    <div
                                      class="base-components__BaseElement-sc-1mosoyj-0 styled__Children-sc-16t2b2a-3 oznwo gdJvjO beans-form-group__children"
                                    >
                                      <div
                                        class="styled__StyledQuantityControlWrapper-vtxwzb-6 LCxOg"
                                      >
                                        <label
                                          id="quantity-controls-303127030-label"
                                          class="styled__VisuallyHiddenLabel-vtxwzb-7 gXlLiM"
                                          >add Tesco Finest 4 Pork Cheese &amp;
                                          Jalapeno Hot Dogs 400G to
                                          basket</label
                                        ><input
                                          type="number"
                                          class="base-components__RootElement-sc-1mosoyj-1 styled__StyledInput-sc-1jd5f57-0 jptQqM hupFMH styled__StyledInput-vtxwzb-3 lwMHo beans-quantity-controls__input beans-input"
                                          data-auto="beans-quantity-controls-input"
                                          autocomplete="off"
                                          id="quantity-controls-303127030"
                                          maxlength="2"
                                          name="newValue"
                                          aria-labelledby="quantity-controls-303127030-label"
                                          value="1"
                                        />
                                      </div>
                                      <button
                                        class="styled__BaseButton-rsekm1-0 styled__PrimaryButton-rsekm1-2 jChbeY geeWOF styled__StyledButton-vtxwzb-5 japAxb beans-quantity-controls__add-button beans-button__container"
                                        type="submit"
                                        data-auto="beans-quantity-controls-add-button"
                                        aria-label="add Tesco Finest 4 Pork Cheese &amp; Jalapeno Hot Dogs 400G to basket"
                                      >
                                        <span
                                          class="base-components__BaseElement-sc-1mosoyj-0 styled__InnerContainer-rsekm1-1 oznwo fuFres beans-button__inner-container"
                                          ><span
                                            class="base-components__BaseElement-sc-1mosoyj-0 styled__TextSpan-rsekm1-4 oznwo GDiMp beans-button__text"
                                            >Add</span
                                          ></span
                                        >
                                      </button>
                                    </div>
                                  </div>
                                </div>
                              </div>
                            </div>
                            <input
                              type="hidden"
                              name="_csrf"
                              value="IF27hEy7-e8rc-JXh6PMvwMk_UVHaG6Azp1k"
                            />
                          </form>
                        </div>
                      </div>
                    </div>
                  </div>
                  <div class="hidden-medium product-info-section-small">
                    <div class="product-info-message-list"></div>
                  </div>
                </div>
                <div class="styles__StyledPromotionsMobile-dvv1wj-6 Bxaeb">
                  <div>
                    <div
                      class="styles__StyledPromotionsWithClubcardPriceContainer-sc-1vdpoop-0 bsPFbn"
                    >
                      <div
                        class="styles__StyledClubcardLogo-sc-1vdpoop-2 elOZEB"
                      >
                        <div
                          class="styles__Wrapper-sc-1d2phhy-0 hgBuQG undefined special-offer-sash"
                        >
                          <span
                            class="styles__CircleWrapper-sc-1d2phhy-2 hCbzjm"
                            ><strong
                              class="styles__TextWrapper-sc-1d2phhy-1 bLXNGg"
                              >Clubcard Price</strong
                            ></span
                          >
                        </div>
                      </div>
                      <a href="/groceries/en-GB/promotions/88502948"
                        ><div
                          class="styles__ProductPromotionStyling-sc-1vdpoop-3 cKitpL"
                        >
                          <div
                            class="styles__StyledPromotionsOfferContent-sc-1vdpoop-1 cPSekc"
                          >
                            <span class="offer-text">£2.25 Clubcard Price</span>
                          </div>
                          <span class="dates"
                            >Offer valid for delivery from 25/05/2022 until
                            14/06/2022</span
                          >
                        </div></a
                      >
                    </div>
                  </div>
                </div>
              </div>
            </div>
          </div>
        </li>
        <li class="product-list--list-item">
          <div class="styles__StyledVerticalTileWrapper-dvv1wj-0 dtCNPH">
            <div
              data-auto="product-tile"
              data-auto-type="Quantity"
              data-auto-available="true"
              data-auto-is-restricted-disabled="false"
              data-auto-is-substitute="false"
              class="styles__StyledVerticalTile-dvv1wj-1 hJqNin"
            >
              <div
                class="styles__StyledTileContentWrapper-dvv1wj-2 bkNhNP beans"
              >
                <div
                  id="tile-296056832"
                  data-auto-id="296056832"
                  class="styles__StyledTiledContent-dvv1wj-3 bcglTg"
                >
                  <a
                    href="/groceries/en-GB/products/296056832"
                    aria-hidden="true"
                    class="product-image-wrapper"
                    tabindex="1"
                    ><div class="product-image__container">
                      <picture
                        ><img
                          class="styled__Image-sjvkdn-0 bJErKA product-image beans-responsive-image__image"
                          src="https://digitalcontent.api.tesco.com/v2/media/ghs/904e3ab2-5a68-41b4-a63f-0476d4f535bb/e9537226-c0ca-4857-870f-81d669b9292f.jpeg?h=225&amp;w=225"
                          srcset="
                            https://digitalcontent.api.tesco.com/v2/media/ghs/904e3ab2-5a68-41b4-a63f-0476d4f535bb/e9537226-c0ca-4857-870f-81d669b9292f.jpeg?h=225&amp;w=225  768w,
                            https://digitalcontent.api.tesco.com/v2/media/ghs/904e3ab2-5a68-41b4-a63f-0476d4f535bb/e9537226-c0ca-4857-870f-81d669b9292f.jpeg?h=225&amp;w=225 4000w
                          "
                          alt="T.F/Pit Salt &amp; Chilli Pork Belly Slices 520G"
                      /></picture></div
                  ></a>
                  <div class="product-details--wrapper">
                    <h3>
                      <a
                        href="/groceries/en-GB/products/296056832"
                        class="styled__Anchor-sc-1xbujuz-0 bmBCJq beans-link__anchor"
                        data-auto="product-tile--title"
                        ><span
                          class="styled__Text-sc-1xbujuz-1 ldbwMG beans-link__text"
                          >T.F/Pit Salt &amp; Chilli Pork Belly Slices
                          520G</span
                        ></a
                      >
                    </h3>
                    <div
                      class="styles__StyledProductDetailsContent-dvv1wj-5 ddRSrq"
                    >
                      <a
                        href="/groceries/en-GB/reviews/submission/296056832?from=%2Fshop%2Fsummer-bbq%2Fbbq-steaks-and-meats%2Fall%3Fpage%3D1%26count%3D48"
                        aria-label="Write a review for T.F/Pit Salt &amp; Chilli Pork Belly Slices 520G"
                        class="styled__Anchor-sc-1xbujuz-0 cFilde beans-link__anchor"
                        data-auto="review-link"
                        ><span
                          class="styled__Text-sc-1xbujuz-1 fyDIEo beans-link__text"
                          >Write a review</span
                        ><span
                          class="styled__IconContainer-sc-1xbujuz-2 bSauSL beans-link__icon-container"
                          ><svg
                            aria-hidden="true"
                            class="styled__SVG-xxa4wh-1 hQMCqc beans-link__icon beans-icon__svg"
                            height="13.33"
                            preserveAspectRatio="xMinYMax meet"
                            viewBox="-1 0 12 20"
                            width="8"
                            xmlns="http://www.w3.org/2000/svg"
                            color="currentColor"
                          >
                            <path
                              d="M1.312 1.348L10.276 10l-8.964 8.644"
                              fill="none"
                              stroke="currentColor"
                            ></path></svg></span
                      ></a>
                      <div>
                        <a
                          href="/groceries/en-GB/shop/fresh-food/fresh-meat-and-poultry/fresh-pork/pork-belly"
                          class="styled__Anchor-sc-1xbujuz-0 cFilde beans-link__anchor"
                          ><span
                            class="styled__Text-sc-1xbujuz-1 fyDIEo beans-link__text"
                            >Rest of
                            <span class="visually-hidden">Pork Belly</span>
                            shelf</span
                          ><span
                            class="styled__IconContainer-sc-1xbujuz-2 bSauSL beans-link__icon-container"
                            ><svg
                              aria-hidden="true"
                              class="styled__SVG-xxa4wh-1 hQMCqc beans-link__icon beans-icon__svg"
                              height="13.33"
                              preserveAspectRatio="xMinYMax meet"
                              viewBox="-1 0 12 20"
                              width="8"
                              xmlns="http://www.w3.org/2000/svg"
                              color="currentColor"
                            >
                              <path
                                d="M1.312 1.348L10.276 10l-8.964 8.644"
                                fill="none"
                                stroke="currentColor"
                              ></path></svg></span
                        ></a>
                      </div>
                      <div class="product-info-message-section">
                        <div class="product-info-message-list"></div>
                      </div>
                    </div>
                    <div
                      class="styles__StyledPromotionsWithBuyBoxWrapper-dvv1wj-8 cZskDh"
                    >
                      <div
                        class="styles__StyledPromotionsAboveMobile-dvv1wj-7 iPTMuo"
                      >
                        <div
                          class="styles__StyledPromotionsWithClubcardPriceContainer-sc-1vdpoop-0 bsPFbn"
                        >
                          <div
                            class="styles__StyledClubcardLogo-sc-1vdpoop-2 elOZEB"
                          >
                            <div
                              class="styles__Wrapper-sc-1d2phhy-0 hgBuQG undefined special-offer-sash"
                            >
                              <span
                                class="styles__CircleWrapper-sc-1d2phhy-2 hCbzjm"
                                ><strong
                                  class="styles__TextWrapper-sc-1d2phhy-1 bLXNGg"
                                  >Clubcard Price</strong
                                ></span
                              >
                            </div>
                          </div>
                          <a href="/groceries/en-GB/promotions/88496145"
                            ><div
                              class="styles__ProductPromotionStyling-sc-1vdpoop-3 cKitpL"
                            >
                              <div
                                class="styles__StyledPromotionsOfferContent-sc-1vdpoop-1 cPSekc"
                              >
                                <span class="offer-text"
                                  >Any 2 for £8 Clubcard Price - Selected Tesco
                                  Ready To Cook &amp; Bbq Products 180g -
                                  1120g</span
                                >
                              </div>
                              <span class="dates"
                                >Offer valid for delivery from 25/05/2022 until
                                14/06/2022</span
                              >
                            </div></a
                          >
                        </div>
                      </div>
                      <div class="styles__StyledBuyBoxWrapper-dvv1wj-4 dSvjUC">
                        <div
                          class="styles__StyledBuyBoxContainer-sc-1wx0qp6-0 dAXuso"
                          data-auto="buybox-container"
                        >
                          <form
                            action="/groceries/en-GB/trolley/items/296056832?_method=PUT"
                            method="POST"
                            quantitytype="simple-quantity"
                            class="styles__SafeFormWrapper-jtpu2t-0 lcrYKS"
                          >
                            <input type="submit" class="hidden" /><input
                              type="hidden"
                              name="id"
                              value="296056832"
                            /><input
                              type="hidden"
                              name="identifier"
                              value="Page"
                            /><input
                              type="hidden"
                              name="anchorId"
                              value="#tile-296056832"
                            /><input
                              type="hidden"
                              name="returnUrl"
                              value="/groceries/en-GB/shop/summer-bbq/bbq-steaks-and-meats/all?page=1&amp;count=48#tile-296056832"
                            /><input
                              type="hidden"
                              name="backToUrl"
                              value="#"
                            /><input
                              type="hidden"
                              name="oldValue"
                              value="0"
                            /><input
                              type="hidden"
                              name="oldUnitChoice"
                              value="pcs"
                            /><input
                              type="hidden"
                              name="newUnitChoice"
                              value="pcs"
                            />
                            <div
                              class="base-components__RootElement-sc-1mosoyj-1 styled__Container-sc-6nhkzi-0 jptQqM hSNpTb beans-buybox__container"
                            >
                              <div
                                class="base-components__BaseElement-sc-1mosoyj-0 styled__PriceAndActions-sc-6nhkzi-3 oznwo eEPLov beans-buybox__price-and-actions"
                              >
                                <div
                                  class="base-components__RootElement-sc-1mosoyj-1 styled__Container-sc-8qlq5b-0 jptQqM bgZrjw styled__StyledPrice-sc-6nhkzi-5 iYHeik beans-buybox__price beans-price__container"
                                >
                                  <p
                                    class="styled__StyledHeading-sc-119w3hf-2 jWPEtj styled__Text-sc-8qlq5b-1 lnaeiZ beans-price__text"
                                  >
                                    £4.50
                                  </p>
                                  <p
                                    class="styled__StyledFootnote-sc-119w3hf-7 icrlVF styled__Subtext-sc-8qlq5b-2 bNJmdc beans-price__subtext"
                                  >
                                    £8.66/kg
                                  </p>
                                </div>
                                <div
                                  class="base-components__RootElement-sc-1mosoyj-1 styled__Container-vtxwzb-0 jptQqM bDFhXJ beans-buybox__actions beans-quantity-controls__container"
                                >
                                  <div
                                    class="base-components__RootElement-sc-1mosoyj-1 styled__Container-sc-16t2b2a-0 jptQqM PUfgZ styled__StyledFormGroup-vtxwzb-1 kzKuAr beans-quantity-controls__form-group beans-form-group__container"
                                  >
                                    <label
                                      class="styled__StyledLabel-sc-1ttuvhr-0 bwxooU beans-form-group__label beans-label"
                                      for="quantity-controls-296056832"
                                      >Quantity controls<!-- -->
                                    </label>
                                    <div
                                      class="base-components__BaseElement-sc-1mosoyj-0 styled__Children-sc-16t2b2a-3 oznwo gdJvjO beans-form-group__children"
                                    >
                                      <div
                                        class="styled__StyledQuantityControlWrapper-vtxwzb-6 LCxOg"
                                      >
                                        <label
                                          id="quantity-controls-296056832-label"
                                          class="styled__VisuallyHiddenLabel-vtxwzb-7 gXlLiM"
                                          >add T.F/Pit Salt &amp; Chilli Pork
                                          Belly Slices 520G to basket</label
                                        ><input
                                          type="number"
                                          class="base-components__RootElement-sc-1mosoyj-1 styled__StyledInput-sc-1jd5f57-0 jptQqM hupFMH styled__StyledInput-vtxwzb-3 lwMHo beans-quantity-controls__input beans-input"
                                          data-auto="beans-quantity-controls-input"
                                          autocomplete="off"
                                          id="quantity-controls-296056832"
                                          maxlength="2"
                                          name="newValue"
                                          aria-labelledby="quantity-controls-296056832-label"
                                          value="1"
                                        />
                                      </div>
                                      <button
                                        class="styled__BaseButton-rsekm1-0 styled__PrimaryButton-rsekm1-2 jChbeY geeWOF styled__StyledButton-vtxwzb-5 japAxb beans-quantity-controls__add-button beans-button__container"
                                        type="submit"
                                        data-auto="beans-quantity-controls-add-button"
                                        aria-label="add T.F/Pit Salt &amp; Chilli Pork Belly Slices 520G to basket"
                                      >
                                        <span
                                          class="base-components__BaseElement-sc-1mosoyj-0 styled__InnerContainer-rsekm1-1 oznwo fuFres beans-button__inner-container"
                                          ><span
                                            class="base-components__BaseElement-sc-1mosoyj-0 styled__TextSpan-rsekm1-4 oznwo GDiMp beans-button__text"
                                            >Add</span
                                          ></span
                                        >
                                      </button>
                                    </div>
                                  </div>
                                </div>
                              </div>
                            </div>
                            <input
                              type="hidden"
                              name="_csrf"
                              value="IF27hEy7-e8rc-JXh6PMvwMk_UVHaG6Azp1k"
                            />
                          </form>
                        </div>
                      </div>
                    </div>
                  </div>
                  <div class="hidden-medium product-info-section-small">
                    <div class="product-info-message-list"></div>
                  </div>
                </div>
                <div class="styles__StyledPromotionsMobile-dvv1wj-6 Bxaeb">
                  <div>
                    <div
                      class="styles__StyledPromotionsWithClubcardPriceContainer-sc-1vdpoop-0 bsPFbn"
                    >
                      <div
                        class="styles__StyledClubcardLogo-sc-1vdpoop-2 elOZEB"
                      >
                        <div
                          class="styles__Wrapper-sc-1d2phhy-0 hgBuQG undefined special-offer-sash"
                        >
                          <span
                            class="styles__CircleWrapper-sc-1d2phhy-2 hCbzjm"
                            ><strong
                              class="styles__TextWrapper-sc-1d2phhy-1 bLXNGg"
                              >Clubcard Price</strong
                            ></span
                          >
                        </div>
                      </div>
                      <a href="/groceries/en-GB/promotions/88496145"
                        ><div
                          class="styles__ProductPromotionStyling-sc-1vdpoop-3 cKitpL"
                        >
                          <div
                            class="styles__StyledPromotionsOfferContent-sc-1vdpoop-1 cPSekc"
                          >
                            <span class="offer-text"
                              >Any 2 for £8 Clubcard Price - Selected Tesco
                              Ready To Cook &amp; Bbq Products 180g -
                              1120g</span
                            >
                          </div>
                          <span class="dates"
                            >Offer valid for delivery from 25/05/2022 until
                            14/06/2022</span
                          >
                        </div></a
                      >
                    </div>
                  </div>
                </div>
              </div>
            </div>
          </div>
        </li>
        <li class="product-list--list-item">
          <div class="styles__StyledVerticalTileWrapper-dvv1wj-0 dtCNPH">
            <div
              data-auto="product-tile"
              data-auto-type="Quantity"
              data-auto-available="true"
              data-auto-is-restricted-disabled="false"
              data-auto-is-substitute="false"
              class="styles__StyledVerticalTile-dvv1wj-1 hJqNin"
            >
              <div
                class="styles__StyledTileContentWrapper-dvv1wj-2 bkNhNP beans"
              >
                <div
                  id="tile-305523018"
                  data-auto-id="305523018"
                  class="styles__StyledTiledContent-dvv1wj-3 bcglTg"
                >
                  <a
                    href="/groceries/en-GB/products/305523018"
                    aria-hidden="true"
                    class="product-image-wrapper"
                    tabindex="1"
                    ><div class="product-image__container">
                      <picture
                        ><img
                          class="styled__Image-sjvkdn-0 bJErKA product-image beans-responsive-image__image"
                          src="https://digitalcontent.api.tesco.com/v2/media/ghs/222e221f-c69d-4e91-bb1c-06dc438fb6c7/cae29ebe-b62c-4407-98e9-2d0f9974ae5a.jpeg?h=225&amp;w=225"
                          srcset="
                            https://digitalcontent.api.tesco.com/v2/media/ghs/222e221f-c69d-4e91-bb1c-06dc438fb6c7/cae29ebe-b62c-4407-98e9-2d0f9974ae5a.jpeg?h=225&amp;w=225  768w,
                            https://digitalcontent.api.tesco.com/v2/media/ghs/222e221f-c69d-4e91-bb1c-06dc438fb6c7/cae29ebe-b62c-4407-98e9-2d0f9974ae5a.jpeg?h=225&amp;w=225 4000w
                          "
                          alt="Tesco Finest 4 Smoked Maple Beef Burgers 454G"
                      /></picture></div
                  ></a>
                  <div class="product-details--wrapper">
                    <h3>
                      <a
                        href="/groceries/en-GB/products/305523018"
                        class="styled__Anchor-sc-1xbujuz-0 bmBCJq beans-link__anchor"
                        data-auto="product-tile--title"
                        ><span
                          class="styled__Text-sc-1xbujuz-1 ldbwMG beans-link__text"
                          >Tesco Finest 4 Smoked Maple Beef Burgers 454G</span
                        ></a
                      >
                    </h3>
                    <div
                      class="styles__StyledProductDetailsContent-dvv1wj-5 ddRSrq"
                    >
                      <a
                        href="/groceries/en-GB/reviews/submission/305523018?from=%2Fshop%2Fsummer-bbq%2Fbbq-steaks-and-meats%2Fall%3Fpage%3D1%26count%3D48"
                        aria-label="Write a review for Tesco Finest 4 Smoked Maple Beef Burgers 454G"
                        class="styled__Anchor-sc-1xbujuz-0 cFilde beans-link__anchor"
                        data-auto="review-link"
                        ><span
                          class="styled__Text-sc-1xbujuz-1 fyDIEo beans-link__text"
                          >Write a review</span
                        ><span
                          class="styled__IconContainer-sc-1xbujuz-2 bSauSL beans-link__icon-container"
                          ><svg
                            aria-hidden="true"
                            class="styled__SVG-xxa4wh-1 hQMCqc beans-link__icon beans-icon__svg"
                            height="13.33"
                            preserveAspectRatio="xMinYMax meet"
                            viewBox="-1 0 12 20"
                            width="8"
                            xmlns="http://www.w3.org/2000/svg"
                            color="currentColor"
                          >
                            <path
                              d="M1.312 1.348L10.276 10l-8.964 8.644"
                              fill="none"
                              stroke="currentColor"
                            ></path></svg></span
                      ></a>
                      <div>
                        <a
                          href="/groceries/en-GB/shop/fresh-food/fresh-meat-and-poultry/fresh-beef/beef-burgers"
                          class="styled__Anchor-sc-1xbujuz-0 cFilde beans-link__anchor"
                          ><span
                            class="styled__Text-sc-1xbujuz-1 fyDIEo beans-link__text"
                            >Rest of
                            <span class="visually-hidden">Beef Burgers</span>
                            shelf</span
                          ><span
                            class="styled__IconContainer-sc-1xbujuz-2 bSauSL beans-link__icon-container"
                            ><svg
                              aria-hidden="true"
                              class="styled__SVG-xxa4wh-1 hQMCqc beans-link__icon beans-icon__svg"
                              height="13.33"
                              preserveAspectRatio="xMinYMax meet"
                              viewBox="-1 0 12 20"
                              width="8"
                              xmlns="http://www.w3.org/2000/svg"
                              color="currentColor"
                            >
                              <path
                                d="M1.312 1.348L10.276 10l-8.964 8.644"
                                fill="none"
                                stroke="currentColor"
                              ></path></svg></span
                        ></a>
                      </div>
                      <div class="product-info-message-section">
                        <div class="product-info-message-list"></div>
                      </div>
                    </div>
                    <div
                      class="styles__StyledPromotionsWithBuyBoxWrapper-dvv1wj-8 cZskDh"
                    >
                      <div
                        class="styles__StyledPromotionsAboveMobile-dvv1wj-7 iPTMuo"
                      >
                        <div
                          class="styles__StyledPromotionsWithClubcardPriceContainer-sc-1vdpoop-0 bsPFbn"
                        >
                          <div
                            class="styles__StyledClubcardLogo-sc-1vdpoop-2 elOZEB"
                          >
                            <div
                              class="styles__Wrapper-sc-1d2phhy-0 hgBuQG undefined special-offer-sash"
                            >
                              <span
                                class="styles__CircleWrapper-sc-1d2phhy-2 hCbzjm"
                                ><strong
                                  class="styles__TextWrapper-sc-1d2phhy-1 bLXNGg"
                                  >Clubcard Price</strong
                                ></span
                              >
                            </div>
                          </div>
                          <a href="/groceries/en-GB/promotions/88489901"
                            ><div
                              class="styles__ProductPromotionStyling-sc-1vdpoop-3 cKitpL"
                            >
                              <div
                                class="styles__StyledPromotionsOfferContent-sc-1vdpoop-1 cPSekc"
                              >
                                <span class="offer-text"
                                  >£3.00 Clubcard Price</span
                                >
                              </div>
                              <span class="dates"
                                >Offer valid for delivery from 25/05/2022 until
                                05/07/2022</span
                              >
                            </div></a
                          >
                        </div>
                      </div>
                      <div class="styles__StyledBuyBoxWrapper-dvv1wj-4 dSvjUC">
                        <div
                          class="styles__StyledBuyBoxContainer-sc-1wx0qp6-0 dAXuso"
                          data-auto="buybox-container"
                        >
                          <form
                            action="/groceries/en-GB/trolley/items/305523018?_method=PUT"
                            method="POST"
                            quantitytype="simple-quantity"
                            class="styles__SafeFormWrapper-jtpu2t-0 lcrYKS"
                          >
                            <input type="submit" class="hidden" /><input
                              type="hidden"
                              name="id"
                              value="305523018"
                            /><input
                              type="hidden"
                              name="identifier"
                              value="Page"
                            /><input
                              type="hidden"
                              name="anchorId"
                              value="#tile-305523018"
                            /><input
                              type="hidden"
                              name="returnUrl"
                              value="/groceries/en-GB/shop/summer-bbq/bbq-steaks-and-meats/all?page=1&amp;count=48#tile-305523018"
                            /><input
                              type="hidden"
                              name="backToUrl"
                              value="#"
                            /><input
                              type="hidden"
                              name="oldValue"
                              value="0"
                            /><input
                              type="hidden"
                              name="oldUnitChoice"
                              value="pcs"
                            /><input
                              type="hidden"
                              name="newUnitChoice"
                              value="pcs"
                            />
                            <div
                              class="base-components__RootElement-sc-1mosoyj-1 styled__Container-sc-6nhkzi-0 jptQqM hSNpTb beans-buybox__container"
                            >
                              <div
                                class="base-components__BaseElement-sc-1mosoyj-0 styled__PriceAndActions-sc-6nhkzi-3 oznwo eEPLov beans-buybox__price-and-actions"
                              >
                                <div
                                  class="base-components__RootElement-sc-1mosoyj-1 styled__Container-sc-8qlq5b-0 jptQqM bgZrjw styled__StyledPrice-sc-6nhkzi-5 iYHeik beans-buybox__price beans-price__container"
                                >
                                  <p
                                    class="styled__StyledHeading-sc-119w3hf-2 jWPEtj styled__Text-sc-8qlq5b-1 lnaeiZ beans-price__text"
                                  >
                                    £3.50
                                  </p>
                                  <p
                                    class="styled__StyledFootnote-sc-119w3hf-7 icrlVF styled__Subtext-sc-8qlq5b-2 bNJmdc beans-price__subtext"
                                  >
                                    £7.71/kg
                                  </p>
                                </div>
                                <div
                                  class="base-components__RootElement-sc-1mosoyj-1 styled__Container-vtxwzb-0 jptQqM bDFhXJ beans-buybox__actions beans-quantity-controls__container"
                                >
                                  <div
                                    class="base-components__RootElement-sc-1mosoyj-1 styled__Container-sc-16t2b2a-0 jptQqM PUfgZ styled__StyledFormGroup-vtxwzb-1 kzKuAr beans-quantity-controls__form-group beans-form-group__container"
                                  >
                                    <label
                                      class="styled__StyledLabel-sc-1ttuvhr-0 bwxooU beans-form-group__label beans-label"
                                      for="quantity-controls-305523018"
                                      >Quantity controls<!-- -->
                                    </label>
                                    <div
                                      class="base-components__BaseElement-sc-1mosoyj-0 styled__Children-sc-16t2b2a-3 oznwo gdJvjO beans-form-group__children"
                                    >
                                      <div
                                        class="styled__StyledQuantityControlWrapper-vtxwzb-6 LCxOg"
                                      >
                                        <label
                                          id="quantity-controls-305523018-label"
                                          class="styled__VisuallyHiddenLabel-vtxwzb-7 gXlLiM"
                                          >add Tesco Finest 4 Smoked Maple Beef
                                          Burgers 454G to basket</label
                                        ><input
                                          type="number"
                                          class="base-components__RootElement-sc-1mosoyj-1 styled__StyledInput-sc-1jd5f57-0 jptQqM hupFMH styled__StyledInput-vtxwzb-3 lwMHo beans-quantity-controls__input beans-input"
                                          data-auto="beans-quantity-controls-input"
                                          autocomplete="off"
                                          id="quantity-controls-305523018"
                                          maxlength="2"
                                          name="newValue"
                                          aria-labelledby="quantity-controls-305523018-label"
                                          value="1"
                                        />
                                      </div>
                                      <button
                                        class="styled__BaseButton-rsekm1-0 styled__PrimaryButton-rsekm1-2 jChbeY geeWOF styled__StyledButton-vtxwzb-5 japAxb beans-quantity-controls__add-button beans-button__container"
                                        type="submit"
                                        data-auto="beans-quantity-controls-add-button"
                                        aria-label="add Tesco Finest 4 Smoked Maple Beef Burgers 454G to basket"
                                      >
                                        <span
                                          class="base-components__BaseElement-sc-1mosoyj-0 styled__InnerContainer-rsekm1-1 oznwo fuFres beans-button__inner-container"
                                          ><span
                                            class="base-components__BaseElement-sc-1mosoyj-0 styled__TextSpan-rsekm1-4 oznwo GDiMp beans-button__text"
                                            >Add</span
                                          ></span
                                        >
                                      </button>
                                    </div>
                                  </div>
                                </div>
                              </div>
                            </div>
                            <input
                              type="hidden"
                              name="_csrf"
                              value="IF27hEy7-e8rc-JXh6PMvwMk_UVHaG6Azp1k"
                            />
                          </form>
                        </div>
                      </div>
                    </div>
                  </div>
                  <div class="hidden-medium product-info-section-small">
                    <div class="product-info-message-list"></div>
                  </div>
                </div>
                <div class="styles__StyledPromotionsMobile-dvv1wj-6 Bxaeb">
                  <div>
                    <div
                      class="styles__StyledPromotionsWithClubcardPriceContainer-sc-1vdpoop-0 bsPFbn"
                    >
                      <div
                        class="styles__StyledClubcardLogo-sc-1vdpoop-2 elOZEB"
                      >
                        <div
                          class="styles__Wrapper-sc-1d2phhy-0 hgBuQG undefined special-offer-sash"
                        >
                          <span
                            class="styles__CircleWrapper-sc-1d2phhy-2 hCbzjm"
                            ><strong
                              class="styles__TextWrapper-sc-1d2phhy-1 bLXNGg"
                              >Clubcard Price</strong
                            ></span
                          >
                        </div>
                      </div>
                      <a href="/groceries/en-GB/promotions/88489901"
                        ><div
                          class="styles__ProductPromotionStyling-sc-1vdpoop-3 cKitpL"
                        >
                          <div
                            class="styles__StyledPromotionsOfferContent-sc-1vdpoop-1 cPSekc"
                          >
                            <span class="offer-text">£3.00 Clubcard Price</span>
                          </div>
                          <span class="dates"
                            >Offer valid for delivery from 25/05/2022 until
                            05/07/2022</span
                          >
                        </div></a
                      >
                    </div>
                  </div>
                </div>
              </div>
            </div>
          </div>
        </li>
        <li class="product-list--list-item">
          <div class="styles__StyledVerticalTileWrapper-dvv1wj-0 dtCNPH">
            <div
              data-auto="product-tile"
              data-auto-type="Quantity"
              data-auto-available="true"
              data-auto-is-restricted-disabled="false"
              data-auto-is-substitute="false"
              class="styles__StyledVerticalTile-dvv1wj-1 hJqNin"
            >
              <div
                class="styles__StyledTileContentWrapper-dvv1wj-2 bkNhNP beans"
              >
                <div
                  id="tile-308495443"
                  data-auto-id="308495443"
                  class="styles__StyledTiledContent-dvv1wj-3 bcglTg"
                >
                  <a
                    href="/groceries/en-GB/products/308495443"
                    aria-hidden="true"
                    class="product-image-wrapper"
                    tabindex="1"
                    ><div class="product-image__container">
                      <picture
                        ><img
                          class="styled__Image-sjvkdn-0 bJErKA product-image beans-responsive-image__image"
                          src="https://digitalcontent.api.tesco.com/v2/media/ghs/a5a26b5a-fb70-4da1-8e9c-8f85ae92fd61/fbe6c58e-dba3-48e7-a743-02fa55a4bdec.jpeg?h=225&amp;w=225"
                          srcset="
                            https://digitalcontent.api.tesco.com/v2/media/ghs/a5a26b5a-fb70-4da1-8e9c-8f85ae92fd61/fbe6c58e-dba3-48e7-a743-02fa55a4bdec.jpeg?h=225&amp;w=225  768w,
                            https://digitalcontent.api.tesco.com/v2/media/ghs/a5a26b5a-fb70-4da1-8e9c-8f85ae92fd61/fbe6c58e-dba3-48e7-a743-02fa55a4bdec.jpeg?h=225&amp;w=225 4000w
                          "
                          alt="Tesco Finest Sirloin Steak 227G"
                      /></picture></div
                  ></a>
                  <div class="product-details--wrapper">
                    <h3>
                      <a
                        href="/groceries/en-GB/products/308495443"
                        class="styled__Anchor-sc-1xbujuz-0 bmBCJq beans-link__anchor"
                        data-auto="product-tile--title"
                        ><span
                          class="styled__Text-sc-1xbujuz-1 ldbwMG beans-link__text"
                          >Tesco Finest Sirloin Steak 227G</span
                        ></a
                      >
                    </h3>
                    <div
                      class="styles__StyledProductDetailsContent-dvv1wj-5 ddRSrq"
                    >
                      <a
                        href="/groceries/en-GB/reviews/submission/308495443?from=%2Fshop%2Fsummer-bbq%2Fbbq-steaks-and-meats%2Fall%3Fpage%3D1%26count%3D48"
                        aria-label="Write a review for Tesco Finest Sirloin Steak 227G"
                        class="styled__Anchor-sc-1xbujuz-0 cFilde beans-link__anchor"
                        data-auto="review-link"
                        ><span
                          class="styled__Text-sc-1xbujuz-1 fyDIEo beans-link__text"
                          >Write a review</span
                        ><span
                          class="styled__IconContainer-sc-1xbujuz-2 bSauSL beans-link__icon-container"
                          ><svg
                            aria-hidden="true"
                            class="styled__SVG-xxa4wh-1 hQMCqc beans-link__icon beans-icon__svg"
                            height="13.33"
                            preserveAspectRatio="xMinYMax meet"
                            viewBox="-1 0 12 20"
                            width="8"
                            xmlns="http://www.w3.org/2000/svg"
                            color="currentColor"
                          >
                            <path
                              d="M1.312 1.348L10.276 10l-8.964 8.644"
                              fill="none"
                              stroke="currentColor"
                            ></path></svg></span
                      ></a>
                      <div>
                        <a
                          href="/groceries/en-GB/shop/fresh-food/fresh-meat-and-poultry/fresh-beef/beef-steaks"
                          class="styled__Anchor-sc-1xbujuz-0 cFilde beans-link__anchor"
                          ><span
                            class="styled__Text-sc-1xbujuz-1 fyDIEo beans-link__text"
                            >Rest of
                            <span class="visually-hidden">Beef Steaks</span>
                            shelf</span
                          ><span
                            class="styled__IconContainer-sc-1xbujuz-2 bSauSL beans-link__icon-container"
                            ><svg
                              aria-hidden="true"
                              class="styled__SVG-xxa4wh-1 hQMCqc beans-link__icon beans-icon__svg"
                              height="13.33"
                              preserveAspectRatio="xMinYMax meet"
                              viewBox="-1 0 12 20"
                              width="8"
                              xmlns="http://www.w3.org/2000/svg"
                              color="currentColor"
                            >
                              <path
                                d="M1.312 1.348L10.276 10l-8.964 8.644"
                                fill="none"
                                stroke="currentColor"
                              ></path></svg></span
                        ></a>
                      </div>
                      <div class="product-info-message-section">
                        <div class="product-info-message-list"></div>
                      </div>
                    </div>
                    <div
                      class="styles__StyledPromotionsWithBuyBoxWrapper-dvv1wj-8 cZskDh"
                    >
                      <div
                        class="styles__StyledPromotionsAboveMobile-dvv1wj-7 iPTMuo"
                      >
                        <div
                          class="styles__StyledPromotionsWithClubcardPriceContainer-sc-1vdpoop-0 bsPFbn"
                        >
                          <div
                            class="styles__StyledClubcardLogo-sc-1vdpoop-2 elOZEB"
                          >
                            <div
                              class="styles__Wrapper-sc-1d2phhy-0 hgBuQG undefined special-offer-sash"
                            >
                              <span
                                class="styles__CircleWrapper-sc-1d2phhy-2 hCbzjm"
                                ><strong
                                  class="styles__TextWrapper-sc-1d2phhy-1 bLXNGg"
                                  >Clubcard Price</strong
                                ></span
                              >
                            </div>
                          </div>
                          <a href="/groceries/en-GB/promotions/88487520"
                            ><div
                              class="styles__ProductPromotionStyling-sc-1vdpoop-3 cKitpL"
                            >
                              <div
                                class="styles__StyledPromotionsOfferContent-sc-1vdpoop-1 cPSekc"
                              >
                                <span class="offer-text"
                                  >£4.50 Clubcard Price</span
                                >
                              </div>
                              <span class="dates"
                                >Offer valid for delivery from 25/05/2022 until
                                14/06/2022</span
                              >
                            </div></a
                          >
                        </div>
                      </div>
                      <div class="styles__StyledBuyBoxWrapper-dvv1wj-4 dSvjUC">
                        <div
                          class="styles__StyledBuyBoxContainer-sc-1wx0qp6-0 dAXuso"
                          data-auto="buybox-container"
                        >
                          <form
                            action="/groceries/en-GB/trolley/items/308495443?_method=PUT"
                            method="POST"
                            quantitytype="simple-quantity"
                            class="styles__SafeFormWrapper-jtpu2t-0 lcrYKS"
                          >
                            <input type="submit" class="hidden" /><input
                              type="hidden"
                              name="id"
                              value="308495443"
                            /><input
                              type="hidden"
                              name="identifier"
                              value="Page"
                            /><input
                              type="hidden"
                              name="anchorId"
                              value="#tile-308495443"
                            /><input
                              type="hidden"
                              name="returnUrl"
                              value="/groceries/en-GB/shop/summer-bbq/bbq-steaks-and-meats/all?page=1&amp;count=48#tile-308495443"
                            /><input
                              type="hidden"
                              name="backToUrl"
                              value="#"
                            /><input
                              type="hidden"
                              name="oldValue"
                              value="0"
                            /><input
                              type="hidden"
                              name="oldUnitChoice"
                              value="pcs"
                            /><input
                              type="hidden"
                              name="newUnitChoice"
                              value="pcs"
                            />
                            <div
                              class="base-components__RootElement-sc-1mosoyj-1 styled__Container-sc-6nhkzi-0 jptQqM hSNpTb beans-buybox__container"
                            >
                              <div
                                class="base-components__BaseElement-sc-1mosoyj-0 styled__PriceAndActions-sc-6nhkzi-3 oznwo eEPLov beans-buybox__price-and-actions"
                              >
                                <div
                                  class="base-components__RootElement-sc-1mosoyj-1 styled__Container-sc-8qlq5b-0 jptQqM bgZrjw styled__StyledPrice-sc-6nhkzi-5 iYHeik beans-buybox__price beans-price__container"
                                >
                                  <p
                                    class="styled__StyledHeading-sc-119w3hf-2 jWPEtj styled__Text-sc-8qlq5b-1 lnaeiZ beans-price__text"
                                  >
                                    £5.00
                                  </p>
                                  <p
                                    class="styled__StyledFootnote-sc-119w3hf-7 icrlVF styled__Subtext-sc-8qlq5b-2 bNJmdc beans-price__subtext"
                                  >
                                    £22.03/kg
                                  </p>
                                </div>
                                <div
                                  class="base-components__RootElement-sc-1mosoyj-1 styled__Container-vtxwzb-0 jptQqM bDFhXJ beans-buybox__actions beans-quantity-controls__container"
                                >
                                  <div
                                    class="base-components__RootElement-sc-1mosoyj-1 styled__Container-sc-16t2b2a-0 jptQqM PUfgZ styled__StyledFormGroup-vtxwzb-1 kzKuAr beans-quantity-controls__form-group beans-form-group__container"
                                  >
                                    <label
                                      class="styled__StyledLabel-sc-1ttuvhr-0 bwxooU beans-form-group__label beans-label"
                                      for="quantity-controls-308495443"
                                      >Quantity controls<!-- -->
                                    </label>
                                    <div
                                      class="base-components__BaseElement-sc-1mosoyj-0 styled__Children-sc-16t2b2a-3 oznwo gdJvjO beans-form-group__children"
                                    >
                                      <div
                                        class="styled__StyledQuantityControlWrapper-vtxwzb-6 LCxOg"
                                      >
                                        <label
                                          id="quantity-controls-308495443-label"
                                          class="styled__VisuallyHiddenLabel-vtxwzb-7 gXlLiM"
                                          >add Tesco Finest Sirloin Steak 227G
                                          to basket</label
                                        ><input
                                          type="number"
                                          class="base-components__RootElement-sc-1mosoyj-1 styled__StyledInput-sc-1jd5f57-0 jptQqM hupFMH styled__StyledInput-vtxwzb-3 lwMHo beans-quantity-controls__input beans-input"
                                          data-auto="beans-quantity-controls-input"
                                          autocomplete="off"
                                          id="quantity-controls-308495443"
                                          maxlength="2"
                                          name="newValue"
                                          aria-labelledby="quantity-controls-308495443-label"
                                          value="1"
                                        />
                                      </div>
                                      <button
                                        class="styled__BaseButton-rsekm1-0 styled__PrimaryButton-rsekm1-2 jChbeY geeWOF styled__StyledButton-vtxwzb-5 japAxb beans-quantity-controls__add-button beans-button__container"
                                        type="submit"
                                        data-auto="beans-quantity-controls-add-button"
                                        aria-label="add Tesco Finest Sirloin Steak 227G to basket"
                                      >
                                        <span
                                          class="base-components__BaseElement-sc-1mosoyj-0 styled__InnerContainer-rsekm1-1 oznwo fuFres beans-button__inner-container"
                                          ><span
                                            class="base-components__BaseElement-sc-1mosoyj-0 styled__TextSpan-rsekm1-4 oznwo GDiMp beans-button__text"
                                            >Add</span
                                          ></span
                                        >
                                      </button>
                                    </div>
                                  </div>
                                </div>
                              </div>
                            </div>
                            <input
                              type="hidden"
                              name="_csrf"
                              value="IF27hEy7-e8rc-JXh6PMvwMk_UVHaG6Azp1k"
                            />
                          </form>
                        </div>
                      </div>
                    </div>
                  </div>
                  <div class="hidden-medium product-info-section-small">
                    <div class="product-info-message-list"></div>
                  </div>
                </div>
                <div class="styles__StyledPromotionsMobile-dvv1wj-6 Bxaeb">
                  <div>
                    <div
                      class="styles__StyledPromotionsWithClubcardPriceContainer-sc-1vdpoop-0 bsPFbn"
                    >
                      <div
                        class="styles__StyledClubcardLogo-sc-1vdpoop-2 elOZEB"
                      >
                        <div
                          class="styles__Wrapper-sc-1d2phhy-0 hgBuQG undefined special-offer-sash"
                        >
                          <span
                            class="styles__CircleWrapper-sc-1d2phhy-2 hCbzjm"
                            ><strong
                              class="styles__TextWrapper-sc-1d2phhy-1 bLXNGg"
                              >Clubcard Price</strong
                            ></span
                          >
                        </div>
                      </div>
                      <a href="/groceries/en-GB/promotions/88487520"
                        ><div
                          class="styles__ProductPromotionStyling-sc-1vdpoop-3 cKitpL"
                        >
                          <div
                            class="styles__StyledPromotionsOfferContent-sc-1vdpoop-1 cPSekc"
                          >
                            <span class="offer-text">£4.50 Clubcard Price</span>
                          </div>
                          <span class="dates"
                            >Offer valid for delivery from 25/05/2022 until
                            14/06/2022</span
                          >
                        </div></a
                      >
                    </div>
                  </div>
                </div>
              </div>
            </div>
          </div>
        </li>
        <li class="product-list--list-item">
          <div class="styles__StyledVerticalTileWrapper-dvv1wj-0 dtCNPH">
            <div
              data-auto="product-tile"
              data-auto-type="Quantity"
              data-auto-available="true"
              data-auto-is-restricted-disabled="false"
              data-auto-is-substitute="false"
              class="styles__StyledVerticalTile-dvv1wj-1 hJqNin"
            >
              <div
                class="styles__StyledTileContentWrapper-dvv1wj-2 bkNhNP beans"
              >
                <div
                  id="tile-275216612"
                  data-auto-id="275216612"
                  class="styles__StyledTiledContent-dvv1wj-3 bcglTg"
                >
                  <a
                    href="/groceries/en-GB/products/275216612"
                    aria-hidden="true"
                    class="product-image-wrapper"
                    tabindex="1"
                    ><div class="product-image__container">
                      <picture
                        ><img
                          class="styled__Image-sjvkdn-0 bJErKA product-image beans-responsive-image__image"
                          src="https://digitalcontent.api.tesco.com/v2/media/ghs/fb172c68-e40d-4fae-a226-ca625023dfc5/6b040b87-3f77-407f-9dd5-14fed77963b5.jpeg?h=225&amp;w=225"
                          srcset="
                            https://digitalcontent.api.tesco.com/v2/media/ghs/fb172c68-e40d-4fae-a226-ca625023dfc5/6b040b87-3f77-407f-9dd5-14fed77963b5.jpeg?h=225&amp;w=225  768w,
                            https://digitalcontent.api.tesco.com/v2/media/ghs/fb172c68-e40d-4fae-a226-ca625023dfc5/6b040b87-3f77-407f-9dd5-14fed77963b5.jpeg?h=225&amp;w=225 4000w
                          "
                          alt="Tesco Finest 4 British Beef Steak Burgers 454G"
                      /></picture></div
                  ></a>
                  <div class="product-details--wrapper">
                    <h3>
                      <a
                        href="/groceries/en-GB/products/275216612"
                        class="styled__Anchor-sc-1xbujuz-0 bmBCJq beans-link__anchor"
                        data-auto="product-tile--title"
                        ><span
                          class="styled__Text-sc-1xbujuz-1 ldbwMG beans-link__text"
                          >Tesco Finest 4 British Beef Steak Burgers 454G</span
                        ></a
                      >
                    </h3>
                    <div
                      class="styles__StyledProductDetailsContent-dvv1wj-5 ddRSrq"
                    >
                      <a
                        href="/groceries/en-GB/reviews/submission/275216612?from=%2Fshop%2Fsummer-bbq%2Fbbq-steaks-and-meats%2Fall%3Fpage%3D1%26count%3D48"
                        aria-label="Write a review for Tesco Finest 4 British Beef Steak Burgers 454G"
                        class="styled__Anchor-sc-1xbujuz-0 cFilde beans-link__anchor"
                        data-auto="review-link"
                        ><span
                          class="styled__Text-sc-1xbujuz-1 fyDIEo beans-link__text"
                          >Write a review</span
                        ><span
                          class="styled__IconContainer-sc-1xbujuz-2 bSauSL beans-link__icon-container"
                          ><svg
                            aria-hidden="true"
                            class="styled__SVG-xxa4wh-1 hQMCqc beans-link__icon beans-icon__svg"
                            height="13.33"
                            preserveAspectRatio="xMinYMax meet"
                            viewBox="-1 0 12 20"
                            width="8"
                            xmlns="http://www.w3.org/2000/svg"
                            color="currentColor"
                          >
                            <path
                              d="M1.312 1.348L10.276 10l-8.964 8.644"
                              fill="none"
                              stroke="currentColor"
                            ></path></svg></span
                      ></a>
                      <div>
                        <a
                          href="/groceries/en-GB/shop/fresh-food/fresh-meat-and-poultry/fresh-beef/beef-burgers"
                          class="styled__Anchor-sc-1xbujuz-0 cFilde beans-link__anchor"
                          ><span
                            class="styled__Text-sc-1xbujuz-1 fyDIEo beans-link__text"
                            >Rest of
                            <span class="visually-hidden">Beef Burgers</span>
                            shelf</span
                          ><span
                            class="styled__IconContainer-sc-1xbujuz-2 bSauSL beans-link__icon-container"
                            ><svg
                              aria-hidden="true"
                              class="styled__SVG-xxa4wh-1 hQMCqc beans-link__icon beans-icon__svg"
                              height="13.33"
                              preserveAspectRatio="xMinYMax meet"
                              viewBox="-1 0 12 20"
                              width="8"
                              xmlns="http://www.w3.org/2000/svg"
                              color="currentColor"
                            >
                              <path
                                d="M1.312 1.348L10.276 10l-8.964 8.644"
                                fill="none"
                                stroke="currentColor"
                              ></path></svg></span
                        ></a>
                      </div>
                      <div class="product-info-message-section">
                        <div class="product-info-message-list"></div>
                      </div>
                    </div>
                    <div
                      class="styles__StyledPromotionsWithBuyBoxWrapper-dvv1wj-8 cZskDh"
                    >
                      <div
                        class="styles__StyledPromotionsAboveMobile-dvv1wj-7 iPTMuo"
                      >
                        <div
                          class="styles__StyledPromotionsWithClubcardPriceContainer-sc-1vdpoop-0 bsPFbn"
                        >
                          <div
                            class="styles__StyledClubcardLogo-sc-1vdpoop-2 elOZEB"
                          >
                            <div
                              class="styles__Wrapper-sc-1d2phhy-0 hgBuQG undefined special-offer-sash"
                            >
                              <span
                                class="styles__CircleWrapper-sc-1d2phhy-2 hCbzjm"
                                ><strong
                                  class="styles__TextWrapper-sc-1d2phhy-1 bLXNGg"
                                  >Clubcard Price</strong
                                ></span
                              >
                            </div>
                          </div>
                          <a href="/groceries/en-GB/promotions/88489903"
                            ><div
                              class="styles__ProductPromotionStyling-sc-1vdpoop-3 cKitpL"
                            >
                              <div
                                class="styles__StyledPromotionsOfferContent-sc-1vdpoop-1 cPSekc"
                              >
                                <span class="offer-text"
                                  >£3.00 Clubcard Price</span
                                >
                              </div>
                              <span class="dates"
                                >Offer valid for delivery from 25/05/2022 until
                                05/07/2022</span
                              >
                            </div></a
                          >
                        </div>
                      </div>
                      <div class="styles__StyledBuyBoxWrapper-dvv1wj-4 dSvjUC">
                        <div
                          class="styles__StyledBuyBoxContainer-sc-1wx0qp6-0 dAXuso"
                          data-auto="buybox-container"
                        >
                          <form
                            action="/groceries/en-GB/trolley/items/275216612?_method=PUT"
                            method="POST"
                            quantitytype="simple-quantity"
                            class="styles__SafeFormWrapper-jtpu2t-0 lcrYKS"
                          >
                            <input type="submit" class="hidden" /><input
                              type="hidden"
                              name="id"
                              value="275216612"
                            /><input
                              type="hidden"
                              name="identifier"
                              value="Page"
                            /><input
                              type="hidden"
                              name="anchorId"
                              value="#tile-275216612"
                            /><input
                              type="hidden"
                              name="returnUrl"
                              value="/groceries/en-GB/shop/summer-bbq/bbq-steaks-and-meats/all?page=1&amp;count=48#tile-275216612"
                            /><input
                              type="hidden"
                              name="backToUrl"
                              value="#"
                            /><input
                              type="hidden"
                              name="oldValue"
                              value="0"
                            /><input
                              type="hidden"
                              name="oldUnitChoice"
                              value="pcs"
                            /><input
                              type="hidden"
                              name="newUnitChoice"
                              value="pcs"
                            />
                            <div
                              class="base-components__RootElement-sc-1mosoyj-1 styled__Container-sc-6nhkzi-0 jptQqM hSNpTb beans-buybox__container"
                            >
                              <div
                                class="base-components__BaseElement-sc-1mosoyj-0 styled__PriceAndActions-sc-6nhkzi-3 oznwo eEPLov beans-buybox__price-and-actions"
                              >
                                <div
                                  class="base-components__RootElement-sc-1mosoyj-1 styled__Container-sc-8qlq5b-0 jptQqM bgZrjw styled__StyledPrice-sc-6nhkzi-5 iYHeik beans-buybox__price beans-price__container"
                                >
                                  <p
                                    class="styled__StyledHeading-sc-119w3hf-2 jWPEtj styled__Text-sc-8qlq5b-1 lnaeiZ beans-price__text"
                                  >
                                    £3.50
                                  </p>
                                  <p
                                    class="styled__StyledFootnote-sc-119w3hf-7 icrlVF styled__Subtext-sc-8qlq5b-2 bNJmdc beans-price__subtext"
                                  >
                                    £7.71/kg
                                  </p>
                                </div>
                                <div
                                  class="base-components__RootElement-sc-1mosoyj-1 styled__Container-vtxwzb-0 jptQqM bDFhXJ beans-buybox__actions beans-quantity-controls__container"
                                >
                                  <div
                                    class="base-components__RootElement-sc-1mosoyj-1 styled__Container-sc-16t2b2a-0 jptQqM PUfgZ styled__StyledFormGroup-vtxwzb-1 kzKuAr beans-quantity-controls__form-group beans-form-group__container"
                                  >
                                    <label
                                      class="styled__StyledLabel-sc-1ttuvhr-0 bwxooU beans-form-group__label beans-label"
                                      for="quantity-controls-275216612"
                                      >Quantity controls<!-- -->
                                    </label>
                                    <div
                                      class="base-components__BaseElement-sc-1mosoyj-0 styled__Children-sc-16t2b2a-3 oznwo gdJvjO beans-form-group__children"
                                    >
                                      <div
                                        class="styled__StyledQuantityControlWrapper-vtxwzb-6 LCxOg"
                                      >
                                        <label
                                          id="quantity-controls-275216612-label"
                                          class="styled__VisuallyHiddenLabel-vtxwzb-7 gXlLiM"
                                          >add Tesco Finest 4 British Beef Steak
                                          Burgers 454G to basket</label
                                        ><input
                                          type="number"
                                          class="base-components__RootElement-sc-1mosoyj-1 styled__StyledInput-sc-1jd5f57-0 jptQqM hupFMH styled__StyledInput-vtxwzb-3 lwMHo beans-quantity-controls__input beans-input"
                                          data-auto="beans-quantity-controls-input"
                                          autocomplete="off"
                                          id="quantity-controls-275216612"
                                          maxlength="2"
                                          name="newValue"
                                          aria-labelledby="quantity-controls-275216612-label"
                                          value="1"
                                        />
                                      </div>
                                      <button
                                        class="styled__BaseButton-rsekm1-0 styled__PrimaryButton-rsekm1-2 jChbeY geeWOF styled__StyledButton-vtxwzb-5 japAxb beans-quantity-controls__add-button beans-button__container"
                                        type="submit"
                                        data-auto="beans-quantity-controls-add-button"
                                        aria-label="add Tesco Finest 4 British Beef Steak Burgers 454G to basket"
                                      >
                                        <span
                                          class="base-components__BaseElement-sc-1mosoyj-0 styled__InnerContainer-rsekm1-1 oznwo fuFres beans-button__inner-container"
                                          ><span
                                            class="base-components__BaseElement-sc-1mosoyj-0 styled__TextSpan-rsekm1-4 oznwo GDiMp beans-button__text"
                                            >Add</span
                                          ></span
                                        >
                                      </button>
                                    </div>
                                  </div>
                                </div>
                              </div>
                            </div>
                            <input
                              type="hidden"
                              name="_csrf"
                              value="IF27hEy7-e8rc-JXh6PMvwMk_UVHaG6Azp1k"
                            />
                          </form>
                        </div>
                      </div>
                    </div>
                  </div>
                  <div class="hidden-medium product-info-section-small">
                    <div class="product-info-message-list"></div>
                  </div>
                </div>
                <div class="styles__StyledPromotionsMobile-dvv1wj-6 Bxaeb">
                  <div>
                    <div
                      class="styles__StyledPromotionsWithClubcardPriceContainer-sc-1vdpoop-0 bsPFbn"
                    >
                      <div
                        class="styles__StyledClubcardLogo-sc-1vdpoop-2 elOZEB"
                      >
                        <div
                          class="styles__Wrapper-sc-1d2phhy-0 hgBuQG undefined special-offer-sash"
                        >
                          <span
                            class="styles__CircleWrapper-sc-1d2phhy-2 hCbzjm"
                            ><strong
                              class="styles__TextWrapper-sc-1d2phhy-1 bLXNGg"
                              >Clubcard Price</strong
                            ></span
                          >
                        </div>
                      </div>
                      <a href="/groceries/en-GB/promotions/88489903"
                        ><div
                          class="styles__ProductPromotionStyling-sc-1vdpoop-3 cKitpL"
                        >
                          <div
                            class="styles__StyledPromotionsOfferContent-sc-1vdpoop-1 cPSekc"
                          >
                            <span class="offer-text">£3.00 Clubcard Price</span>
                          </div>
                          <span class="dates"
                            >Offer valid for delivery from 25/05/2022 until
                            05/07/2022</span
                          >
                        </div></a
                      >
                    </div>
                  </div>
                </div>
              </div>
            </div>
          </div>
        </li>
        <li class="product-list--list-item">
          <div class="styles__StyledVerticalTileWrapper-dvv1wj-0 dtCNPH">
            <div
              data-auto="product-tile"
              data-auto-type="Quantity"
              data-auto-available="true"
              data-auto-is-restricted-disabled="false"
              data-auto-is-substitute="false"
              class="styles__StyledVerticalTile-dvv1wj-1 hJqNin"
            >
              <div
                class="styles__StyledTileContentWrapper-dvv1wj-2 bkNhNP beans"
              >
                <div
                  id="tile-292399311"
                  data-auto-id="292399311"
                  class="styles__StyledTiledContent-dvv1wj-3 bcglTg"
                >
                  <a
                    href="/groceries/en-GB/products/292399311"
                    aria-hidden="true"
                    class="product-image-wrapper"
                    tabindex="1"
                    ><div class="product-image__container">
                      <picture
                        ><img
                          class="styled__Image-sjvkdn-0 bJErKA product-image beans-responsive-image__image"
                          src="https://digitalcontent.api.tesco.com/v2/media/ghs/3cabed21-fb7c-4685-9781-3a4cf4813c8e/78a22f1c-7f8c-4876-8b16-7608a37906c1.jpeg?h=225&amp;w=225"
                          srcset="
                            https://digitalcontent.api.tesco.com/v2/media/ghs/3cabed21-fb7c-4685-9781-3a4cf4813c8e/78a22f1c-7f8c-4876-8b16-7608a37906c1.jpeg?h=225&amp;w=225  768w,
                            https://digitalcontent.api.tesco.com/v2/media/ghs/3cabed21-fb7c-4685-9781-3a4cf4813c8e/78a22f1c-7f8c-4876-8b16-7608a37906c1.jpeg?h=225&amp;w=225 4000w
                          "
                          alt="Tesco Fire Pit 6 Beef Burgers 730G"
                      /></picture></div
                  ></a>
                  <div class="product-details--wrapper">
                    <h3>
                      <a
                        href="/groceries/en-GB/products/292399311"
                        class="styled__Anchor-sc-1xbujuz-0 bmBCJq beans-link__anchor"
                        data-auto="product-tile--title"
                        ><span
                          class="styled__Text-sc-1xbujuz-1 ldbwMG beans-link__text"
                          >Tesco Fire Pit 6 Beef Burgers 730G</span
                        ></a
                      >
                    </h3>
                    <div
                      class="styles__StyledProductDetailsContent-dvv1wj-5 ddRSrq"
                    >
                      <a
                        href="/groceries/en-GB/reviews/submission/292399311?from=%2Fshop%2Fsummer-bbq%2Fbbq-steaks-and-meats%2Fall%3Fpage%3D1%26count%3D48"
                        aria-label="Write a review for Tesco Fire Pit 6 Beef Burgers 730G"
                        class="styled__Anchor-sc-1xbujuz-0 cFilde beans-link__anchor"
                        data-auto="review-link"
                        ><span
                          class="styled__Text-sc-1xbujuz-1 fyDIEo beans-link__text"
                          >Write a review</span
                        ><span
                          class="styled__IconContainer-sc-1xbujuz-2 bSauSL beans-link__icon-container"
                          ><svg
                            aria-hidden="true"
                            class="styled__SVG-xxa4wh-1 hQMCqc beans-link__icon beans-icon__svg"
                            height="13.33"
                            preserveAspectRatio="xMinYMax meet"
                            viewBox="-1 0 12 20"
                            width="8"
                            xmlns="http://www.w3.org/2000/svg"
                            color="currentColor"
                          >
                            <path
                              d="M1.312 1.348L10.276 10l-8.964 8.644"
                              fill="none"
                              stroke="currentColor"
                            ></path></svg></span
                      ></a>
                      <div>
                        <a
                          href="/groceries/en-GB/shop/fresh-food/fresh-meat-and-poultry/burgers-meatballs-and-bbq-meat/burgers"
                          class="styled__Anchor-sc-1xbujuz-0 cFilde beans-link__anchor"
                          ><span
                            class="styled__Text-sc-1xbujuz-1 fyDIEo beans-link__text"
                            >Rest of
                            <span class="visually-hidden">Burgers</span>
                            shelf</span
                          ><span
                            class="styled__IconContainer-sc-1xbujuz-2 bSauSL beans-link__icon-container"
                            ><svg
                              aria-hidden="true"
                              class="styled__SVG-xxa4wh-1 hQMCqc beans-link__icon beans-icon__svg"
                              height="13.33"
                              preserveAspectRatio="xMinYMax meet"
                              viewBox="-1 0 12 20"
                              width="8"
                              xmlns="http://www.w3.org/2000/svg"
                              color="currentColor"
                            >
                              <path
                                d="M1.312 1.348L10.276 10l-8.964 8.644"
                                fill="none"
                                stroke="currentColor"
                              ></path></svg></span
                        ></a>
                      </div>
                      <div class="product-info-message-section">
                        <div class="product-info-message-list"></div>
                      </div>
                    </div>
                    <div
                      class="styles__StyledPromotionsWithBuyBoxWrapper-dvv1wj-8 cZskDh"
                    >
                      <div
                        class="styles__StyledPromotionsAboveMobile-dvv1wj-7 iPTMuo"
                      >
                        <div
                          class="styles__StyledPromotionsWithClubcardPriceContainer-sc-1vdpoop-0 bsPFbn"
                        >
                          <div
                            class="styles__StyledClubcardLogo-sc-1vdpoop-2 elOZEB"
                          >
                            <div
                              class="styles__Wrapper-sc-1d2phhy-0 hgBuQG undefined special-offer-sash"
                            >
                              <span
                                class="styles__CircleWrapper-sc-1d2phhy-2 hCbzjm"
                                ><strong
                                  class="styles__TextWrapper-sc-1d2phhy-1 bLXNGg"
                                  >Clubcard Price</strong
                                ></span
                              >
                            </div>
                          </div>
                          <a href="/groceries/en-GB/promotions/88496145"
                            ><div
                              class="styles__ProductPromotionStyling-sc-1vdpoop-3 cKitpL"
                            >
                              <div
                                class="styles__StyledPromotionsOfferContent-sc-1vdpoop-1 cPSekc"
                              >
                                <span class="offer-text"
                                  >Any 2 for £8 Clubcard Price - Selected Tesco
                                  Ready To Cook &amp; Bbq Products 180g -
                                  1120g</span
                                >
                              </div>
                              <span class="dates"
                                >Offer valid for delivery from 25/05/2022 until
                                14/06/2022</span
                              >
                            </div></a
                          >
                        </div>
                      </div>
                      <div class="styles__StyledBuyBoxWrapper-dvv1wj-4 dSvjUC">
                        <div
                          class="styles__StyledBuyBoxContainer-sc-1wx0qp6-0 dAXuso"
                          data-auto="buybox-container"
                        >
                          <form
                            action="/groceries/en-GB/trolley/items/292399311?_method=PUT"
                            method="POST"
                            quantitytype="simple-quantity"
                            class="styles__SafeFormWrapper-jtpu2t-0 lcrYKS"
                          >
                            <input type="submit" class="hidden" /><input
                              type="hidden"
                              name="id"
                              value="292399311"
                            /><input
                              type="hidden"
                              name="identifier"
                              value="Page"
                            /><input
                              type="hidden"
                              name="anchorId"
                              value="#tile-292399311"
                            /><input
                              type="hidden"
                              name="returnUrl"
                              value="/groceries/en-GB/shop/summer-bbq/bbq-steaks-and-meats/all?page=1&amp;count=48#tile-292399311"
                            /><input
                              type="hidden"
                              name="backToUrl"
                              value="#"
                            /><input
                              type="hidden"
                              name="oldValue"
                              value="0"
                            /><input
                              type="hidden"
                              name="oldUnitChoice"
                              value="pcs"
                            /><input
                              type="hidden"
                              name="newUnitChoice"
                              value="pcs"
                            />
                            <div
                              class="base-components__RootElement-sc-1mosoyj-1 styled__Container-sc-6nhkzi-0 jptQqM hSNpTb beans-buybox__container"
                            >
                              <div
                                class="base-components__BaseElement-sc-1mosoyj-0 styled__PriceAndActions-sc-6nhkzi-3 oznwo eEPLov beans-buybox__price-and-actions"
                              >
                                <div
                                  class="base-components__RootElement-sc-1mosoyj-1 styled__Container-sc-8qlq5b-0 jptQqM bgZrjw styled__StyledPrice-sc-6nhkzi-5 iYHeik beans-buybox__price beans-price__container"
                                >
                                  <p
                                    class="styled__StyledHeading-sc-119w3hf-2 jWPEtj styled__Text-sc-8qlq5b-1 lnaeiZ beans-price__text"
                                  >
                                    £4.55
                                  </p>
                                  <p
                                    class="styled__StyledFootnote-sc-119w3hf-7 icrlVF styled__Subtext-sc-8qlq5b-2 bNJmdc beans-price__subtext"
                                  >
                                    £6.24/kg
                                  </p>
                                </div>
                                <div
                                  class="base-components__RootElement-sc-1mosoyj-1 styled__Container-vtxwzb-0 jptQqM bDFhXJ beans-buybox__actions beans-quantity-controls__container"
                                >
                                  <div
                                    class="base-components__RootElement-sc-1mosoyj-1 styled__Container-sc-16t2b2a-0 jptQqM PUfgZ styled__StyledFormGroup-vtxwzb-1 kzKuAr beans-quantity-controls__form-group beans-form-group__container"
                                  >
                                    <label
                                      class="styled__StyledLabel-sc-1ttuvhr-0 bwxooU beans-form-group__label beans-label"
                                      for="quantity-controls-292399311"
                                      >Quantity controls<!-- -->
                                    </label>
                                    <div
                                      class="base-components__BaseElement-sc-1mosoyj-0 styled__Children-sc-16t2b2a-3 oznwo gdJvjO beans-form-group__children"
                                    >
                                      <div
                                        class="styled__StyledQuantityControlWrapper-vtxwzb-6 LCxOg"
                                      >
                                        <label
                                          id="quantity-controls-292399311-label"
                                          class="styled__VisuallyHiddenLabel-vtxwzb-7 gXlLiM"
                                          >add Tesco Fire Pit 6 Beef Burgers
                                          730G to basket</label
                                        ><input
                                          type="number"
                                          class="base-components__RootElement-sc-1mosoyj-1 styled__StyledInput-sc-1jd5f57-0 jptQqM hupFMH styled__StyledInput-vtxwzb-3 lwMHo beans-quantity-controls__input beans-input"
                                          data-auto="beans-quantity-controls-input"
                                          autocomplete="off"
                                          id="quantity-controls-292399311"
                                          maxlength="2"
                                          name="newValue"
                                          aria-labelledby="quantity-controls-292399311-label"
                                          value="1"
                                        />
                                      </div>
                                      <button
                                        class="styled__BaseButton-rsekm1-0 styled__PrimaryButton-rsekm1-2 jChbeY geeWOF styled__StyledButton-vtxwzb-5 japAxb beans-quantity-controls__add-button beans-button__container"
                                        type="submit"
                                        data-auto="beans-quantity-controls-add-button"
                                        aria-label="add Tesco Fire Pit 6 Beef Burgers 730G to basket"
                                      >
                                        <span
                                          class="base-components__BaseElement-sc-1mosoyj-0 styled__InnerContainer-rsekm1-1 oznwo fuFres beans-button__inner-container"
                                          ><span
                                            class="base-components__BaseElement-sc-1mosoyj-0 styled__TextSpan-rsekm1-4 oznwo GDiMp beans-button__text"
                                            >Add</span
                                          ></span
                                        >
                                      </button>
                                    </div>
                                  </div>
                                </div>
                              </div>
                            </div>
                            <input
                              type="hidden"
                              name="_csrf"
                              value="IF27hEy7-e8rc-JXh6PMvwMk_UVHaG6Azp1k"
                            />
                          </form>
                        </div>
                      </div>
                    </div>
                  </div>
                  <div class="hidden-medium product-info-section-small">
                    <div class="product-info-message-list"></div>
                  </div>
                </div>
                <div class="styles__StyledPromotionsMobile-dvv1wj-6 Bxaeb">
                  <div>
                    <div
                      class="styles__StyledPromotionsWithClubcardPriceContainer-sc-1vdpoop-0 bsPFbn"
                    >
                      <div
                        class="styles__StyledClubcardLogo-sc-1vdpoop-2 elOZEB"
                      >
                        <div
                          class="styles__Wrapper-sc-1d2phhy-0 hgBuQG undefined special-offer-sash"
                        >
                          <span
                            class="styles__CircleWrapper-sc-1d2phhy-2 hCbzjm"
                            ><strong
                              class="styles__TextWrapper-sc-1d2phhy-1 bLXNGg"
                              >Clubcard Price</strong
                            ></span
                          >
                        </div>
                      </div>
                      <a href="/groceries/en-GB/promotions/88496145"
                        ><div
                          class="styles__ProductPromotionStyling-sc-1vdpoop-3 cKitpL"
                        >
                          <div
                            class="styles__StyledPromotionsOfferContent-sc-1vdpoop-1 cPSekc"
                          >
                            <span class="offer-text"
                              >Any 2 for £8 Clubcard Price - Selected Tesco
                              Ready To Cook &amp; Bbq Products 180g -
                              1120g</span
                            >
                          </div>
                          <span class="dates"
                            >Offer valid for delivery from 25/05/2022 until
                            14/06/2022</span
                          >
                        </div></a
                      >
                    </div>
                  </div>
                </div>
              </div>
            </div>
          </div>
        </li>
        <li class="product-list--list-item">
          <div class="styles__StyledVerticalTileWrapper-dvv1wj-0 dtCNPH">
            <div
              data-auto="product-tile"
              data-auto-type="Quantity"
              data-auto-available="true"
              data-auto-is-restricted-disabled="false"
              data-auto-is-substitute="false"
              class="styles__StyledVerticalTile-dvv1wj-1 hJqNin"
            >
              <div
                class="styles__StyledTileContentWrapper-dvv1wj-2 bkNhNP beans"
              >
                <div
                  id="tile-272490780"
                  data-auto-id="272490780"
                  class="styles__StyledTiledContent-dvv1wj-3 bcglTg"
                >
                  <a
                    href="/groceries/en-GB/products/272490780"
                    aria-hidden="true"
                    class="product-image-wrapper"
                    tabindex="1"
                    ><div class="product-image__container">
                      <picture
                        ><img
                          class="styled__Image-sjvkdn-0 bJErKA product-image beans-responsive-image__image"
                          src="https://digitalcontent.api.tesco.com/v2/media/ghs/5cef1099-8b31-4647-8c4f-713dc01e5fce/743f038a-75a9-4853-a887-d9ede433fdeb.jpeg?h=225&amp;w=225"
                          srcset="
                            https://digitalcontent.api.tesco.com/v2/media/ghs/5cef1099-8b31-4647-8c4f-713dc01e5fce/743f038a-75a9-4853-a887-d9ede433fdeb.jpeg?h=225&amp;w=225  768w,
                            https://digitalcontent.api.tesco.com/v2/media/ghs/5cef1099-8b31-4647-8c4f-713dc01e5fce/743f038a-75a9-4853-a887-d9ede433fdeb.jpeg?h=225&amp;w=225 4000w
                          "
                          alt="Tesco Finest 4 Vintage Cheddar Burgers 454G"
                      /></picture></div
                  ></a>
                  <div class="product-details--wrapper">
                    <h3>
                      <a
                        href="/groceries/en-GB/products/272490780"
                        class="styled__Anchor-sc-1xbujuz-0 bmBCJq beans-link__anchor"
                        data-auto="product-tile--title"
                        ><span
                          class="styled__Text-sc-1xbujuz-1 ldbwMG beans-link__text"
                          >Tesco Finest 4 Vintage Cheddar Burgers 454G</span
                        ></a
                      >
                    </h3>
                    <div
                      class="styles__StyledProductDetailsContent-dvv1wj-5 ddRSrq"
                    >
                      <a
                        href="/groceries/en-GB/reviews/submission/272490780?from=%2Fshop%2Fsummer-bbq%2Fbbq-steaks-and-meats%2Fall%3Fpage%3D1%26count%3D48"
                        aria-label="Write a review for Tesco Finest 4 Vintage Cheddar Burgers 454G"
                        class="styled__Anchor-sc-1xbujuz-0 cFilde beans-link__anchor"
                        data-auto="review-link"
                        ><span
                          class="styled__Text-sc-1xbujuz-1 fyDIEo beans-link__text"
                          >Write a review</span
                        ><span
                          class="styled__IconContainer-sc-1xbujuz-2 bSauSL beans-link__icon-container"
                          ><svg
                            aria-hidden="true"
                            class="styled__SVG-xxa4wh-1 hQMCqc beans-link__icon beans-icon__svg"
                            height="13.33"
                            preserveAspectRatio="xMinYMax meet"
                            viewBox="-1 0 12 20"
                            width="8"
                            xmlns="http://www.w3.org/2000/svg"
                            color="currentColor"
                          >
                            <path
                              d="M1.312 1.348L10.276 10l-8.964 8.644"
                              fill="none"
                              stroke="currentColor"
                            ></path></svg></span
                      ></a>
                      <div>
                        <a
                          href="/groceries/en-GB/shop/fresh-food/fresh-meat-and-poultry/fresh-beef/beef-burgers"
                          class="styled__Anchor-sc-1xbujuz-0 cFilde beans-link__anchor"
                          ><span
                            class="styled__Text-sc-1xbujuz-1 fyDIEo beans-link__text"
                            >Rest of
                            <span class="visually-hidden">Beef Burgers</span>
                            shelf</span
                          ><span
                            class="styled__IconContainer-sc-1xbujuz-2 bSauSL beans-link__icon-container"
                            ><svg
                              aria-hidden="true"
                              class="styled__SVG-xxa4wh-1 hQMCqc beans-link__icon beans-icon__svg"
                              height="13.33"
                              preserveAspectRatio="xMinYMax meet"
                              viewBox="-1 0 12 20"
                              width="8"
                              xmlns="http://www.w3.org/2000/svg"
                              color="currentColor"
                            >
                              <path
                                d="M1.312 1.348L10.276 10l-8.964 8.644"
                                fill="none"
                                stroke="currentColor"
                              ></path></svg></span
                        ></a>
                      </div>
                      <div class="product-info-message-section">
                        <div class="product-info-message-list"></div>
                      </div>
                    </div>
                    <div
                      class="styles__StyledPromotionsWithBuyBoxWrapper-dvv1wj-8 cZskDh"
                    >
                      <div
                        class="styles__StyledPromotionsAboveMobile-dvv1wj-7 iPTMuo"
                      >
                        <div
                          class="styles__StyledPromotionsWithClubcardPriceContainer-sc-1vdpoop-0 bsPFbn"
                        >
                          <div
                            class="styles__StyledClubcardLogo-sc-1vdpoop-2 elOZEB"
                          >
                            <div
                              class="styles__Wrapper-sc-1d2phhy-0 hgBuQG undefined special-offer-sash"
                            >
                              <span
                                class="styles__CircleWrapper-sc-1d2phhy-2 hCbzjm"
                                ><strong
                                  class="styles__TextWrapper-sc-1d2phhy-1 bLXNGg"
                                  >Clubcard Price</strong
                                ></span
                              >
                            </div>
                          </div>
                          <a href="/groceries/en-GB/promotions/88489900"
                            ><div
                              class="styles__ProductPromotionStyling-sc-1vdpoop-3 cKitpL"
                            >
                              <div
                                class="styles__StyledPromotionsOfferContent-sc-1vdpoop-1 cPSekc"
                              >
                                <span class="offer-text"
                                  >£3.00 Clubcard Price</span
                                >
                              </div>
                              <span class="dates"
                                >Offer valid for delivery from 25/05/2022 until
                                05/07/2022</span
                              >
                            </div></a
                          >
                        </div>
                      </div>
                      <div class="styles__StyledBuyBoxWrapper-dvv1wj-4 dSvjUC">
                        <div
                          class="styles__StyledBuyBoxContainer-sc-1wx0qp6-0 dAXuso"
                          data-auto="buybox-container"
                        >
                          <form
                            action="/groceries/en-GB/trolley/items/272490780?_method=PUT"
                            method="POST"
                            quantitytype="simple-quantity"
                            class="styles__SafeFormWrapper-jtpu2t-0 lcrYKS"
                          >
                            <input type="submit" class="hidden" /><input
                              type="hidden"
                              name="id"
                              value="272490780"
                            /><input
                              type="hidden"
                              name="identifier"
                              value="Page"
                            /><input
                              type="hidden"
                              name="anchorId"
                              value="#tile-272490780"
                            /><input
                              type="hidden"
                              name="returnUrl"
                              value="/groceries/en-GB/shop/summer-bbq/bbq-steaks-and-meats/all?page=1&amp;count=48#tile-272490780"
                            /><input
                              type="hidden"
                              name="backToUrl"
                              value="#"
                            /><input
                              type="hidden"
                              name="oldValue"
                              value="0"
                            /><input
                              type="hidden"
                              name="oldUnitChoice"
                              value="pcs"
                            /><input
                              type="hidden"
                              name="newUnitChoice"
                              value="pcs"
                            />
                            <div
                              class="base-components__RootElement-sc-1mosoyj-1 styled__Container-sc-6nhkzi-0 jptQqM hSNpTb beans-buybox__container"
                            >
                              <div
                                class="base-components__BaseElement-sc-1mosoyj-0 styled__PriceAndActions-sc-6nhkzi-3 oznwo eEPLov beans-buybox__price-and-actions"
                              >
                                <div
                                  class="base-components__RootElement-sc-1mosoyj-1 styled__Container-sc-8qlq5b-0 jptQqM bgZrjw styled__StyledPrice-sc-6nhkzi-5 iYHeik beans-buybox__price beans-price__container"
                                >
                                  <p
                                    class="styled__StyledHeading-sc-119w3hf-2 jWPEtj styled__Text-sc-8qlq5b-1 lnaeiZ beans-price__text"
                                  >
                                    £3.50
                                  </p>
                                  <p
                                    class="styled__StyledFootnote-sc-119w3hf-7 icrlVF styled__Subtext-sc-8qlq5b-2 bNJmdc beans-price__subtext"
                                  >
                                    £7.71/kg
                                  </p>
                                </div>
                                <div
                                  class="base-components__RootElement-sc-1mosoyj-1 styled__Container-vtxwzb-0 jptQqM bDFhXJ beans-buybox__actions beans-quantity-controls__container"
                                >
                                  <div
                                    class="base-components__RootElement-sc-1mosoyj-1 styled__Container-sc-16t2b2a-0 jptQqM PUfgZ styled__StyledFormGroup-vtxwzb-1 kzKuAr beans-quantity-controls__form-group beans-form-group__container"
                                  >
                                    <label
                                      class="styled__StyledLabel-sc-1ttuvhr-0 bwxooU beans-form-group__label beans-label"
                                      for="quantity-controls-272490780"
                                      >Quantity controls<!-- -->
                                    </label>
                                    <div
                                      class="base-components__BaseElement-sc-1mosoyj-0 styled__Children-sc-16t2b2a-3 oznwo gdJvjO beans-form-group__children"
                                    >
                                      <div
                                        class="styled__StyledQuantityControlWrapper-vtxwzb-6 LCxOg"
                                      >
                                        <label
                                          id="quantity-controls-272490780-label"
                                          class="styled__VisuallyHiddenLabel-vtxwzb-7 gXlLiM"
                                          >add Tesco Finest 4 Vintage Cheddar
                                          Burgers 454G to basket</label
                                        ><input
                                          type="number"
                                          class="base-components__RootElement-sc-1mosoyj-1 styled__StyledInput-sc-1jd5f57-0 jptQqM hupFMH styled__StyledInput-vtxwzb-3 lwMHo beans-quantity-controls__input beans-input"
                                          data-auto="beans-quantity-controls-input"
                                          autocomplete="off"
                                          id="quantity-controls-272490780"
                                          maxlength="2"
                                          name="newValue"
                                          aria-labelledby="quantity-controls-272490780-label"
                                          value="1"
                                        />
                                      </div>
                                      <button
                                        class="styled__BaseButton-rsekm1-0 styled__PrimaryButton-rsekm1-2 jChbeY geeWOF styled__StyledButton-vtxwzb-5 japAxb beans-quantity-controls__add-button beans-button__container"
                                        type="submit"
                                        data-auto="beans-quantity-controls-add-button"
                                        aria-label="add Tesco Finest 4 Vintage Cheddar Burgers 454G to basket"
                                      >
                                        <span
                                          class="base-components__BaseElement-sc-1mosoyj-0 styled__InnerContainer-rsekm1-1 oznwo fuFres beans-button__inner-container"
                                          ><span
                                            class="base-components__BaseElement-sc-1mosoyj-0 styled__TextSpan-rsekm1-4 oznwo GDiMp beans-button__text"
                                            >Add</span
                                          ></span
                                        >
                                      </button>
                                    </div>
                                  </div>
                                </div>
                              </div>
                            </div>
                            <input
                              type="hidden"
                              name="_csrf"
                              value="IF27hEy7-e8rc-JXh6PMvwMk_UVHaG6Azp1k"
                            />
                          </form>
                        </div>
                      </div>
                    </div>
                  </div>
                  <div class="hidden-medium product-info-section-small">
                    <div class="product-info-message-list"></div>
                  </div>
                </div>
                <div class="styles__StyledPromotionsMobile-dvv1wj-6 Bxaeb">
                  <div>
                    <div
                      class="styles__StyledPromotionsWithClubcardPriceContainer-sc-1vdpoop-0 bsPFbn"
                    >
                      <div
                        class="styles__StyledClubcardLogo-sc-1vdpoop-2 elOZEB"
                      >
                        <div
                          class="styles__Wrapper-sc-1d2phhy-0 hgBuQG undefined special-offer-sash"
                        >
                          <span
                            class="styles__CircleWrapper-sc-1d2phhy-2 hCbzjm"
                            ><strong
                              class="styles__TextWrapper-sc-1d2phhy-1 bLXNGg"
                              >Clubcard Price</strong
                            ></span
                          >
                        </div>
                      </div>
                      <a href="/groceries/en-GB/promotions/88489900"
                        ><div
                          class="styles__ProductPromotionStyling-sc-1vdpoop-3 cKitpL"
                        >
                          <div
                            class="styles__StyledPromotionsOfferContent-sc-1vdpoop-1 cPSekc"
                          >
                            <span class="offer-text">£3.00 Clubcard Price</span>
                          </div>
                          <span class="dates"
                            >Offer valid for delivery from 25/05/2022 until
                            05/07/2022</span
                          >
                        </div></a
                      >
                    </div>
                  </div>
                </div>
              </div>
            </div>
          </div>
        </li>
        <li class="product-list--list-item">
          <div class="styles__StyledVerticalTileWrapper-dvv1wj-0 dtCNPH">
            <div
              data-auto="product-tile"
              data-auto-type="Quantity"
              data-auto-available="true"
              data-auto-is-restricted-disabled="false"
              data-auto-is-substitute="false"
              class="styles__StyledVerticalTile-dvv1wj-1 hJqNin"
            >
              <div
                class="styles__StyledTileContentWrapper-dvv1wj-2 bkNhNP beans"
              >
                <div
                  id="tile-305525166"
                  data-auto-id="305525166"
                  class="styles__StyledTiledContent-dvv1wj-3 bcglTg"
                >
                  <a
                    href="/groceries/en-GB/products/305525166"
                    aria-hidden="true"
                    class="product-image-wrapper"
                    tabindex="1"
                    ><div class="product-image__container">
                      <picture
                        ><img
                          class="styled__Image-sjvkdn-0 bJErKA product-image beans-responsive-image__image"
                          src="https://digitalcontent.api.tesco.com/v2/media/ghs/11b7cc20-d367-4b03-823d-afa161afcbfe/b77537d7-9643-465c-82de-6efa4e6b7e75.jpeg?h=225&amp;w=225"
                          srcset="
                            https://digitalcontent.api.tesco.com/v2/media/ghs/11b7cc20-d367-4b03-823d-afa161afcbfe/b77537d7-9643-465c-82de-6efa4e6b7e75.jpeg?h=225&amp;w=225  768w,
                            https://digitalcontent.api.tesco.com/v2/media/ghs/11b7cc20-d367-4b03-823d-afa161afcbfe/b77537d7-9643-465c-82de-6efa4e6b7e75.jpeg?h=225&amp;w=225 4000w
                          "
                          alt="Tesco Fire Pit Chicken Tikka Steaks 400G"
                      /></picture></div
                  ></a>
                  <div class="product-details--wrapper">
                    <h3>
                      <a
                        href="/groceries/en-GB/products/305525166"
                        class="styled__Anchor-sc-1xbujuz-0 bmBCJq beans-link__anchor"
                        data-auto="product-tile--title"
                        ><span
                          class="styled__Text-sc-1xbujuz-1 ldbwMG beans-link__text"
                          >Tesco Fire Pit Chicken Tikka Steaks 400G</span
                        ></a
                      >
                    </h3>
                    <div
                      class="styles__StyledProductDetailsContent-dvv1wj-5 ddRSrq"
                    >
                      <a
                        href="/groceries/en-GB/reviews/submission/305525166?from=%2Fshop%2Fsummer-bbq%2Fbbq-steaks-and-meats%2Fall%3Fpage%3D1%26count%3D48"
                        aria-label="Write a review for Tesco Fire Pit Chicken Tikka Steaks 400G"
                        class="styled__Anchor-sc-1xbujuz-0 cFilde beans-link__anchor"
                        data-auto="review-link"
                        ><span
                          class="styled__Text-sc-1xbujuz-1 fyDIEo beans-link__text"
                          >Write a review</span
                        ><span
                          class="styled__IconContainer-sc-1xbujuz-2 bSauSL beans-link__icon-container"
                          ><svg
                            aria-hidden="true"
                            class="styled__SVG-xxa4wh-1 hQMCqc beans-link__icon beans-icon__svg"
                            height="13.33"
                            preserveAspectRatio="xMinYMax meet"
                            viewBox="-1 0 12 20"
                            width="8"
                            xmlns="http://www.w3.org/2000/svg"
                            color="currentColor"
                          >
                            <path
                              d="M1.312 1.348L10.276 10l-8.964 8.644"
                              fill="none"
                              stroke="currentColor"
                            ></path></svg></span
                      ></a>
                      <div>
                        <a
                          href="/groceries/en-GB/shop/fresh-food/fresh-meat-and-poultry/burgers-meatballs-and-bbq-meat/bbq-chicken"
                          class="styled__Anchor-sc-1xbujuz-0 cFilde beans-link__anchor"
                          ><span
                            class="styled__Text-sc-1xbujuz-1 fyDIEo beans-link__text"
                            >Rest of
                            <span class="visually-hidden">BBQ Chicken</span>
                            shelf</span
                          ><span
                            class="styled__IconContainer-sc-1xbujuz-2 bSauSL beans-link__icon-container"
                            ><svg
                              aria-hidden="true"
                              class="styled__SVG-xxa4wh-1 hQMCqc beans-link__icon beans-icon__svg"
                              height="13.33"
                              preserveAspectRatio="xMinYMax meet"
                              viewBox="-1 0 12 20"
                              width="8"
                              xmlns="http://www.w3.org/2000/svg"
                              color="currentColor"
                            >
                              <path
                                d="M1.312 1.348L10.276 10l-8.964 8.644"
                                fill="none"
                                stroke="currentColor"
                              ></path></svg></span
                        ></a>
                      </div>
                      <div class="product-info-message-section">
                        <div class="product-info-message-list"></div>
                      </div>
                    </div>
                    <div
                      class="styles__StyledPromotionsWithBuyBoxWrapper-dvv1wj-8 cZskDh"
                    >
                      <div
                        class="styles__StyledPromotionsAboveMobile-dvv1wj-7 iPTMuo"
                      >
                        <div
                          class="styles__StyledPromotionsWithClubcardPriceContainer-sc-1vdpoop-0 bsPFbn"
                        >
                          <div
                            class="styles__StyledClubcardLogo-sc-1vdpoop-2 elOZEB"
                          >
                            <div
                              class="styles__Wrapper-sc-1d2phhy-0 hgBuQG undefined special-offer-sash"
                            >
                              <span
                                class="styles__CircleWrapper-sc-1d2phhy-2 hCbzjm"
                                ><strong
                                  class="styles__TextWrapper-sc-1d2phhy-1 bLXNGg"
                                  >Clubcard Price</strong
                                ></span
                              >
                            </div>
                          </div>
                          <a href="/groceries/en-GB/promotions/88496145"
                            ><div
                              class="styles__ProductPromotionStyling-sc-1vdpoop-3 cKitpL"
                            >
                              <div
                                class="styles__StyledPromotionsOfferContent-sc-1vdpoop-1 cPSekc"
                              >
                                <span class="offer-text"
                                  >Any 2 for £8 Clubcard Price - Selected Tesco
                                  Ready To Cook &amp; Bbq Products 180g -
                                  1120g</span
                                >
                              </div>
                              <span class="dates"
                                >Offer valid for delivery from 25/05/2022 until
                                14/06/2022</span
                              >
                            </div></a
                          >
                        </div>
                      </div>
                      <div class="styles__StyledBuyBoxWrapper-dvv1wj-4 dSvjUC">
                        <div
                          class="styles__StyledBuyBoxContainer-sc-1wx0qp6-0 dAXuso"
                          data-auto="buybox-container"
                        >
                          <form
                            action="/groceries/en-GB/trolley/items/305525166?_method=PUT"
                            method="POST"
                            quantitytype="simple-quantity"
                            class="styles__SafeFormWrapper-jtpu2t-0 lcrYKS"
                          >
                            <input type="submit" class="hidden" /><input
                              type="hidden"
                              name="id"
                              value="305525166"
                            /><input
                              type="hidden"
                              name="identifier"
                              value="Page"
                            /><input
                              type="hidden"
                              name="anchorId"
                              value="#tile-305525166"
                            /><input
                              type="hidden"
                              name="returnUrl"
                              value="/groceries/en-GB/shop/summer-bbq/bbq-steaks-and-meats/all?page=1&amp;count=48#tile-305525166"
                            /><input
                              type="hidden"
                              name="backToUrl"
                              value="#"
                            /><input
                              type="hidden"
                              name="oldValue"
                              value="0"
                            /><input
                              type="hidden"
                              name="oldUnitChoice"
                              value="pcs"
                            /><input
                              type="hidden"
                              name="newUnitChoice"
                              value="pcs"
                            />
                            <div
                              class="base-components__RootElement-sc-1mosoyj-1 styled__Container-sc-6nhkzi-0 jptQqM hSNpTb beans-buybox__container"
                            >
                              <div
                                class="base-components__BaseElement-sc-1mosoyj-0 styled__PriceAndActions-sc-6nhkzi-3 oznwo eEPLov beans-buybox__price-and-actions"
                              >
                                <div
                                  class="base-components__RootElement-sc-1mosoyj-1 styled__Container-sc-8qlq5b-0 jptQqM bgZrjw styled__StyledPrice-sc-6nhkzi-5 iYHeik beans-buybox__price beans-price__container"
                                >
                                  <p
                                    class="styled__StyledHeading-sc-119w3hf-2 jWPEtj styled__Text-sc-8qlq5b-1 lnaeiZ beans-price__text"
                                  >
                                    £4.50
                                  </p>
                                  <p
                                    class="styled__StyledFootnote-sc-119w3hf-7 icrlVF styled__Subtext-sc-8qlq5b-2 bNJmdc beans-price__subtext"
                                  >
                                    £11.25/kg
                                  </p>
                                </div>
                                <div
                                  class="base-components__RootElement-sc-1mosoyj-1 styled__Container-vtxwzb-0 jptQqM bDFhXJ beans-buybox__actions beans-quantity-controls__container"
                                >
                                  <div
                                    class="base-components__RootElement-sc-1mosoyj-1 styled__Container-sc-16t2b2a-0 jptQqM PUfgZ styled__StyledFormGroup-vtxwzb-1 kzKuAr beans-quantity-controls__form-group beans-form-group__container"
                                  >
                                    <label
                                      class="styled__StyledLabel-sc-1ttuvhr-0 bwxooU beans-form-group__label beans-label"
                                      for="quantity-controls-305525166"
                                      >Quantity controls<!-- -->
                                    </label>
                                    <div
                                      class="base-components__BaseElement-sc-1mosoyj-0 styled__Children-sc-16t2b2a-3 oznwo gdJvjO beans-form-group__children"
                                    >
                                      <div
                                        class="styled__StyledQuantityControlWrapper-vtxwzb-6 LCxOg"
                                      >
                                        <label
                                          id="quantity-controls-305525166-label"
                                          class="styled__VisuallyHiddenLabel-vtxwzb-7 gXlLiM"
                                          >add Tesco Fire Pit Chicken Tikka
                                          Steaks 400G to basket</label
                                        ><input
                                          type="number"
                                          class="base-components__RootElement-sc-1mosoyj-1 styled__StyledInput-sc-1jd5f57-0 jptQqM hupFMH styled__StyledInput-vtxwzb-3 lwMHo beans-quantity-controls__input beans-input"
                                          data-auto="beans-quantity-controls-input"
                                          autocomplete="off"
                                          id="quantity-controls-305525166"
                                          maxlength="2"
                                          name="newValue"
                                          aria-labelledby="quantity-controls-305525166-label"
                                          value="1"
                                        />
                                      </div>
                                      <button
                                        class="styled__BaseButton-rsekm1-0 styled__PrimaryButton-rsekm1-2 jChbeY geeWOF styled__StyledButton-vtxwzb-5 japAxb beans-quantity-controls__add-button beans-button__container"
                                        type="submit"
                                        data-auto="beans-quantity-controls-add-button"
                                        aria-label="add Tesco Fire Pit Chicken Tikka Steaks 400G to basket"
                                      >
                                        <span
                                          class="base-components__BaseElement-sc-1mosoyj-0 styled__InnerContainer-rsekm1-1 oznwo fuFres beans-button__inner-container"
                                          ><span
                                            class="base-components__BaseElement-sc-1mosoyj-0 styled__TextSpan-rsekm1-4 oznwo GDiMp beans-button__text"
                                            >Add</span
                                          ></span
                                        >
                                      </button>
                                    </div>
                                  </div>
                                </div>
                              </div>
                            </div>
                            <input
                              type="hidden"
                              name="_csrf"
                              value="IF27hEy7-e8rc-JXh6PMvwMk_UVHaG6Azp1k"
                            />
                          </form>
                        </div>
                      </div>
                    </div>
                  </div>
                  <div class="hidden-medium product-info-section-small">
                    <div class="product-info-message-list"></div>
                  </div>
                </div>
                <div class="styles__StyledPromotionsMobile-dvv1wj-6 Bxaeb">
                  <div>
                    <div
                      class="styles__StyledPromotionsWithClubcardPriceContainer-sc-1vdpoop-0 bsPFbn"
                    >
                      <div
                        class="styles__StyledClubcardLogo-sc-1vdpoop-2 elOZEB"
                      >
                        <div
                          class="styles__Wrapper-sc-1d2phhy-0 hgBuQG undefined special-offer-sash"
                        >
                          <span
                            class="styles__CircleWrapper-sc-1d2phhy-2 hCbzjm"
                            ><strong
                              class="styles__TextWrapper-sc-1d2phhy-1 bLXNGg"
                              >Clubcard Price</strong
                            ></span
                          >
                        </div>
                      </div>
                      <a href="/groceries/en-GB/promotions/88496145"
                        ><div
                          class="styles__ProductPromotionStyling-sc-1vdpoop-3 cKitpL"
                        >
                          <div
                            class="styles__StyledPromotionsOfferContent-sc-1vdpoop-1 cPSekc"
                          >
                            <span class="offer-text"
                              >Any 2 for £8 Clubcard Price - Selected Tesco
                              Ready To Cook &amp; Bbq Products 180g -
                              1120g</span
                            >
                          </div>
                          <span class="dates"
                            >Offer valid for delivery from 25/05/2022 until
                            14/06/2022</span
                          >
                        </div></a
                      >
                    </div>
                  </div>
                </div>
              </div>
            </div>
          </div>
        </li>
        <li class="product-list--list-item">
          <div class="styles__StyledVerticalTileWrapper-dvv1wj-0 dtCNPH">
            <div
              data-auto="product-tile"
              data-auto-type="Quantity"
              data-auto-available="true"
              data-auto-is-restricted-disabled="false"
              data-auto-is-substitute="false"
              class="styles__StyledVerticalTile-dvv1wj-1 hJqNin"
            >
              <div
                class="styles__StyledTileContentWrapper-dvv1wj-2 bkNhNP beans"
              >
                <div
                  id="tile-310699580"
                  data-auto-id="310699580"
                  class="styles__StyledTiledContent-dvv1wj-3 bcglTg"
                >
                  <a
                    href="/groceries/en-GB/products/310699580"
                    aria-hidden="true"
                    class="product-image-wrapper"
                    tabindex="1"
                    ><div class="product-image__container">
                      <picture
                        ><img
                          class="styled__Image-sjvkdn-0 bJErKA product-image beans-responsive-image__image"
                          src="https://digitalcontent.api.tesco.com/v2/media/ghs/6ee15803-de6c-40b5-9c31-d3c2e32a9d3f/212fde6e-a0e5-402c-a811-88163c7ab0fc.jpeg?h=225&amp;w=225"
                          srcset="
                            https://digitalcontent.api.tesco.com/v2/media/ghs/6ee15803-de6c-40b5-9c31-d3c2e32a9d3f/212fde6e-a0e5-402c-a811-88163c7ab0fc.jpeg?h=225&amp;w=225  768w,
                            https://digitalcontent.api.tesco.com/v2/media/ghs/6ee15803-de6c-40b5-9c31-d3c2e32a9d3f/212fde6e-a0e5-402c-a811-88163c7ab0fc.jpeg?h=225&amp;w=225 4000w
                          "
                          alt="Tesco Fire Pit Tandoori Wings 900G"
                      /></picture></div
                  ></a>
                  <div class="product-details--wrapper">
                    <h3>
                      <a
                        href="/groceries/en-GB/products/310699580"
                        class="styled__Anchor-sc-1xbujuz-0 bmBCJq beans-link__anchor"
                        data-auto="product-tile--title"
                        ><span
                          class="styled__Text-sc-1xbujuz-1 ldbwMG beans-link__text"
                          >Tesco Fire Pit Tandoori Wings 900G</span
                        ></a
                      >
                    </h3>
                    <div
                      class="styles__StyledProductDetailsContent-dvv1wj-5 ddRSrq"
                    >
                      <a
                        href="/groceries/en-GB/reviews/submission/310699580?from=%2Fshop%2Fsummer-bbq%2Fbbq-steaks-and-meats%2Fall%3Fpage%3D1%26count%3D48"
                        aria-label="Write a review for Tesco Fire Pit Tandoori Wings 900G"
                        class="styled__Anchor-sc-1xbujuz-0 cFilde beans-link__anchor"
                        data-auto="review-link"
                        ><span
                          class="styled__Text-sc-1xbujuz-1 fyDIEo beans-link__text"
                          >Write a review</span
                        ><span
                          class="styled__IconContainer-sc-1xbujuz-2 bSauSL beans-link__icon-container"
                          ><svg
                            aria-hidden="true"
                            class="styled__SVG-xxa4wh-1 hQMCqc beans-link__icon beans-icon__svg"
                            height="13.33"
                            preserveAspectRatio="xMinYMax meet"
                            viewBox="-1 0 12 20"
                            width="8"
                            xmlns="http://www.w3.org/2000/svg"
                            color="currentColor"
                          >
                            <path
                              d="M1.312 1.348L10.276 10l-8.964 8.644"
                              fill="none"
                              stroke="currentColor"
                            ></path></svg></span
                      ></a>
                      <div>
                        <a
                          href="/groceries/en-GB/shop/fresh-food/fresh-meat-and-poultry/burgers-meatballs-and-bbq-meat/bbq-chicken"
                          class="styled__Anchor-sc-1xbujuz-0 cFilde beans-link__anchor"
                          ><span
                            class="styled__Text-sc-1xbujuz-1 fyDIEo beans-link__text"
                            >Rest of
                            <span class="visually-hidden">BBQ Chicken</span>
                            shelf</span
                          ><span
                            class="styled__IconContainer-sc-1xbujuz-2 bSauSL beans-link__icon-container"
                            ><svg
                              aria-hidden="true"
                              class="styled__SVG-xxa4wh-1 hQMCqc beans-link__icon beans-icon__svg"
                              height="13.33"
                              preserveAspectRatio="xMinYMax meet"
                              viewBox="-1 0 12 20"
                              width="8"
                              xmlns="http://www.w3.org/2000/svg"
                              color="currentColor"
                            >
                              <path
                                d="M1.312 1.348L10.276 10l-8.964 8.644"
                                fill="none"
                                stroke="currentColor"
                              ></path></svg></span
                        ></a>
                      </div>
                      <div class="product-info-message-section">
                        <div class="product-info-message-list"></div>
                      </div>
                    </div>
                    <div
                      class="styles__StyledPromotionsWithBuyBoxWrapper-dvv1wj-8 cZskDh"
                    >
                      <div
                        class="styles__StyledPromotionsAboveMobile-dvv1wj-7 iPTMuo"
                      >
                        <div
                          class="styles__StyledPromotionsWithClubcardPriceContainer-sc-1vdpoop-0 bsPFbn"
                        >
                          <div
                            class="styles__StyledClubcardLogo-sc-1vdpoop-2 elOZEB"
                          >
                            <div
                              class="styles__Wrapper-sc-1d2phhy-0 hgBuQG undefined special-offer-sash"
                            >
                              <span
                                class="styles__CircleWrapper-sc-1d2phhy-2 hCbzjm"
                                ><strong
                                  class="styles__TextWrapper-sc-1d2phhy-1 bLXNGg"
                                  >Clubcard Price</strong
                                ></span
                              >
                            </div>
                          </div>
                          <a href="/groceries/en-GB/promotions/88496145"
                            ><div
                              class="styles__ProductPromotionStyling-sc-1vdpoop-3 cKitpL"
                            >
                              <div
                                class="styles__StyledPromotionsOfferContent-sc-1vdpoop-1 cPSekc"
                              >
                                <span class="offer-text"
                                  >Any 2 for £8 Clubcard Price - Selected Tesco
                                  Ready To Cook &amp; Bbq Products 180g -
                                  1120g</span
                                >
                              </div>
                              <span class="dates"
                                >Offer valid for delivery from 25/05/2022 until
                                14/06/2022</span
                              >
                            </div></a
                          >
                        </div>
                      </div>
                      <div class="styles__StyledBuyBoxWrapper-dvv1wj-4 dSvjUC">
                        <div
                          class="styles__StyledBuyBoxContainer-sc-1wx0qp6-0 dAXuso"
                          data-auto="buybox-container"
                        >
                          <form
                            action="/groceries/en-GB/trolley/items/310699580?_method=PUT"
                            method="POST"
                            quantitytype="simple-quantity"
                            class="styles__SafeFormWrapper-jtpu2t-0 lcrYKS"
                          >
                            <input type="submit" class="hidden" /><input
                              type="hidden"
                              name="id"
                              value="310699580"
                            /><input
                              type="hidden"
                              name="identifier"
                              value="Page"
                            /><input
                              type="hidden"
                              name="anchorId"
                              value="#tile-310699580"
                            /><input
                              type="hidden"
                              name="returnUrl"
                              value="/groceries/en-GB/shop/summer-bbq/bbq-steaks-and-meats/all?page=1&amp;count=48#tile-310699580"
                            /><input
                              type="hidden"
                              name="backToUrl"
                              value="#"
                            /><input
                              type="hidden"
                              name="oldValue"
                              value="0"
                            /><input
                              type="hidden"
                              name="oldUnitChoice"
                              value="pcs"
                            /><input
                              type="hidden"
                              name="newUnitChoice"
                              value="pcs"
                            />
                            <div
                              class="base-components__RootElement-sc-1mosoyj-1 styled__Container-sc-6nhkzi-0 jptQqM hSNpTb beans-buybox__container"
                            >
                              <div
                                class="base-components__BaseElement-sc-1mosoyj-0 styled__PriceAndActions-sc-6nhkzi-3 oznwo eEPLov beans-buybox__price-and-actions"
                              >
                                <div
                                  class="base-components__RootElement-sc-1mosoyj-1 styled__Container-sc-8qlq5b-0 jptQqM bgZrjw styled__StyledPrice-sc-6nhkzi-5 iYHeik beans-buybox__price beans-price__container"
                                >
                                  <p
                                    class="styled__StyledHeading-sc-119w3hf-2 jWPEtj styled__Text-sc-8qlq5b-1 lnaeiZ beans-price__text"
                                  >
                                    £4.50
                                  </p>
                                  <p
                                    class="styled__StyledFootnote-sc-119w3hf-7 icrlVF styled__Subtext-sc-8qlq5b-2 bNJmdc beans-price__subtext"
                                  >
                                    £5.00/kg
                                  </p>
                                </div>
                                <div
                                  class="base-components__RootElement-sc-1mosoyj-1 styled__Container-vtxwzb-0 jptQqM bDFhXJ beans-buybox__actions beans-quantity-controls__container"
                                >
                                  <div
                                    class="base-components__RootElement-sc-1mosoyj-1 styled__Container-sc-16t2b2a-0 jptQqM PUfgZ styled__StyledFormGroup-vtxwzb-1 kzKuAr beans-quantity-controls__form-group beans-form-group__container"
                                  >
                                    <label
                                      class="styled__StyledLabel-sc-1ttuvhr-0 bwxooU beans-form-group__label beans-label"
                                      for="quantity-controls-310699580"
                                      >Quantity controls<!-- -->
                                    </label>
                                    <div
                                      class="base-components__BaseElement-sc-1mosoyj-0 styled__Children-sc-16t2b2a-3 oznwo gdJvjO beans-form-group__children"
                                    >
                                      <div
                                        class="styled__StyledQuantityControlWrapper-vtxwzb-6 LCxOg"
                                      >
                                        <label
                                          id="quantity-controls-310699580-label"
                                          class="styled__VisuallyHiddenLabel-vtxwzb-7 gXlLiM"
                                          >add Tesco Fire Pit Tandoori Wings
                                          900G to basket</label
                                        ><input
                                          type="number"
                                          class="base-components__RootElement-sc-1mosoyj-1 styled__StyledInput-sc-1jd5f57-0 jptQqM hupFMH styled__StyledInput-vtxwzb-3 lwMHo beans-quantity-controls__input beans-input"
                                          data-auto="beans-quantity-controls-input"
                                          autocomplete="off"
                                          id="quantity-controls-310699580"
                                          maxlength="2"
                                          name="newValue"
                                          aria-labelledby="quantity-controls-310699580-label"
                                          value="1"
                                        />
                                      </div>
                                      <button
                                        class="styled__BaseButton-rsekm1-0 styled__PrimaryButton-rsekm1-2 jChbeY geeWOF styled__StyledButton-vtxwzb-5 japAxb beans-quantity-controls__add-button beans-button__container"
                                        type="submit"
                                        data-auto="beans-quantity-controls-add-button"
                                        aria-label="add Tesco Fire Pit Tandoori Wings 900G to basket"
                                      >
                                        <span
                                          class="base-components__BaseElement-sc-1mosoyj-0 styled__InnerContainer-rsekm1-1 oznwo fuFres beans-button__inner-container"
                                          ><span
                                            class="base-components__BaseElement-sc-1mosoyj-0 styled__TextSpan-rsekm1-4 oznwo GDiMp beans-button__text"
                                            >Add</span
                                          ></span
                                        >
                                      </button>
                                    </div>
                                  </div>
                                </div>
                              </div>
                            </div>
                            <input
                              type="hidden"
                              name="_csrf"
                              value="IF27hEy7-e8rc-JXh6PMvwMk_UVHaG6Azp1k"
                            />
                          </form>
                        </div>
                      </div>
                    </div>
                  </div>
                  <div class="hidden-medium product-info-section-small">
                    <div class="product-info-message-list"></div>
                  </div>
                </div>
                <div class="styles__StyledPromotionsMobile-dvv1wj-6 Bxaeb">
                  <div>
                    <div
                      class="styles__StyledPromotionsWithClubcardPriceContainer-sc-1vdpoop-0 bsPFbn"
                    >
                      <div
                        class="styles__StyledClubcardLogo-sc-1vdpoop-2 elOZEB"
                      >
                        <div
                          class="styles__Wrapper-sc-1d2phhy-0 hgBuQG undefined special-offer-sash"
                        >
                          <span
                            class="styles__CircleWrapper-sc-1d2phhy-2 hCbzjm"
                            ><strong
                              class="styles__TextWrapper-sc-1d2phhy-1 bLXNGg"
                              >Clubcard Price</strong
                            ></span
                          >
                        </div>
                      </div>
                      <a href="/groceries/en-GB/promotions/88496145"
                        ><div
                          class="styles__ProductPromotionStyling-sc-1vdpoop-3 cKitpL"
                        >
                          <div
                            class="styles__StyledPromotionsOfferContent-sc-1vdpoop-1 cPSekc"
                          >
                            <span class="offer-text"
                              >Any 2 for £8 Clubcard Price - Selected Tesco
                              Ready To Cook &amp; Bbq Products 180g -
                              1120g</span
                            >
                          </div>
                          <span class="dates"
                            >Offer valid for delivery from 25/05/2022 until
                            14/06/2022</span
                          >
                        </div></a
                      >
                    </div>
                  </div>
                </div>
              </div>
            </div>
          </div>
        </li>
        <li class="product-list--list-item">
          <div class="styles__StyledVerticalTileWrapper-dvv1wj-0 dtCNPH">
            <div
              data-auto="product-tile"
              data-auto-type="Quantity"
              data-auto-available="true"
              data-auto-is-restricted-disabled="false"
              data-auto-is-substitute="false"
              class="styles__StyledVerticalTile-dvv1wj-1 hJqNin"
            >
              <div
                class="styles__StyledTileContentWrapper-dvv1wj-2 bkNhNP beans"
              >
                <div
                  id="tile-309786184"
                  data-auto-id="309786184"
                  class="styles__StyledTiledContent-dvv1wj-3 bcglTg"
                >
                  <a
                    href="/groceries/en-GB/products/309786184"
                    aria-hidden="true"
                    class="product-image-wrapper"
                    tabindex="1"
                    ><div class="product-image__container">
                      <picture
                        ><img
                          class="styled__Image-sjvkdn-0 bJErKA product-image beans-responsive-image__image"
                          src="https://digitalcontent.api.tesco.com/v2/media/ghs/57bfbc02-352b-4174-8623-5b0d6e96e0af/a036d414-dc41-4226-b77b-64335be93710.jpeg?h=225&amp;w=225"
                          srcset="
                            https://digitalcontent.api.tesco.com/v2/media/ghs/57bfbc02-352b-4174-8623-5b0d6e96e0af/a036d414-dc41-4226-b77b-64335be93710.jpeg?h=225&amp;w=225  768w,
                            https://digitalcontent.api.tesco.com/v2/media/ghs/57bfbc02-352b-4174-8623-5b0d6e96e0af/a036d414-dc41-4226-b77b-64335be93710.jpeg?h=225&amp;w=225 4000w
                          "
                          alt="Tesco Finest Jerk Inspired Pork Rib Eye Steaks 480G"
                      /></picture></div
                  ></a>
                  <div class="product-details--wrapper">
                    <h3>
                      <a
                        href="/groceries/en-GB/products/309786184"
                        class="styled__Anchor-sc-1xbujuz-0 bmBCJq beans-link__anchor"
                        data-auto="product-tile--title"
                        ><span
                          class="styled__Text-sc-1xbujuz-1 ldbwMG beans-link__text"
                          >Tesco Finest Jerk Inspired Pork Rib Eye Steaks
                          480G</span
                        ></a
                      >
                    </h3>
                    <div
                      class="styles__StyledProductDetailsContent-dvv1wj-5 ddRSrq"
                    >
                      <a
                        href="/groceries/en-GB/reviews/submission/309786184?from=%2Fshop%2Fsummer-bbq%2Fbbq-steaks-and-meats%2Fall%3Fpage%3D1%26count%3D48"
                        aria-label="Write a review for Tesco Finest Jerk Inspired Pork Rib Eye Steaks 480G"
                        class="styled__Anchor-sc-1xbujuz-0 cFilde beans-link__anchor"
                        data-auto="review-link"
                        ><span
                          class="styled__Text-sc-1xbujuz-1 fyDIEo beans-link__text"
                          >Write a review</span
                        ><span
                          class="styled__IconContainer-sc-1xbujuz-2 bSauSL beans-link__icon-container"
                          ><svg
                            aria-hidden="true"
                            class="styled__SVG-xxa4wh-1 hQMCqc beans-link__icon beans-icon__svg"
                            height="13.33"
                            preserveAspectRatio="xMinYMax meet"
                            viewBox="-1 0 12 20"
                            width="8"
                            xmlns="http://www.w3.org/2000/svg"
                            color="currentColor"
                          >
                            <path
                              d="M1.312 1.348L10.276 10l-8.964 8.644"
                              fill="none"
                              stroke="currentColor"
                            ></path></svg></span
                      ></a>
                      <div>
                        <a
                          href="/groceries/en-GB/shop/fresh-food/fresh-meat-and-poultry/burgers-meatballs-and-bbq-meat/bbq-beef"
                          class="styled__Anchor-sc-1xbujuz-0 cFilde beans-link__anchor"
                          ><span
                            class="styled__Text-sc-1xbujuz-1 fyDIEo beans-link__text"
                            >Rest of
                            <span class="visually-hidden">BBQ Beef</span>
                            shelf</span
                          ><span
                            class="styled__IconContainer-sc-1xbujuz-2 bSauSL beans-link__icon-container"
                            ><svg
                              aria-hidden="true"
                              class="styled__SVG-xxa4wh-1 hQMCqc beans-link__icon beans-icon__svg"
                              height="13.33"
                              preserveAspectRatio="xMinYMax meet"
                              viewBox="-1 0 12 20"
                              width="8"
                              xmlns="http://www.w3.org/2000/svg"
                              color="currentColor"
                            >
                              <path
                                d="M1.312 1.348L10.276 10l-8.964 8.644"
                                fill="none"
                                stroke="currentColor"
                              ></path></svg></span
                        ></a>
                      </div>
                      <div class="product-info-message-section">
                        <div class="product-info-message-list"></div>
                      </div>
                    </div>
                    <div
                      class="styles__StyledPromotionsWithBuyBoxWrapper-dvv1wj-8 cZskDh"
                    >
                      <div
                        class="styles__StyledPromotionsAboveMobile-dvv1wj-7 iPTMuo"
                      >
                        <div
                          class="styles__StyledPromotionsWithClubcardPriceContainer-sc-1vdpoop-0 bsPFbn"
                        >
                          <div
                            class="styles__StyledClubcardLogo-sc-1vdpoop-2 elOZEB"
                          >
                            <div
                              class="styles__Wrapper-sc-1d2phhy-0 hgBuQG undefined special-offer-sash"
                            >
                              <span
                                class="styles__CircleWrapper-sc-1d2phhy-2 hCbzjm"
                                ><strong
                                  class="styles__TextWrapper-sc-1d2phhy-1 bLXNGg"
                                  >Clubcard Price</strong
                                ></span
                              >
                            </div>
                          </div>
                          <a href="/groceries/en-GB/promotions/88493669"
                            ><div
                              class="styles__ProductPromotionStyling-sc-1vdpoop-3 cKitpL"
                            >
                              <div
                                class="styles__StyledPromotionsOfferContent-sc-1vdpoop-1 cPSekc"
                              >
                                <span class="offer-text"
                                  >Any 2 for £10 Clubcard Price - Selected Tesco
                                  Finest* Meat Products 210g - 585g</span
                                >
                              </div>
                              <span class="dates"
                                >Offer valid for delivery from 05/04/2022 until
                                29/09/2022</span
                              >
                            </div></a
                          >
                        </div>
                      </div>
                      <div class="styles__StyledBuyBoxWrapper-dvv1wj-4 dSvjUC">
                        <div
                          class="styles__StyledBuyBoxContainer-sc-1wx0qp6-0 dAXuso"
                          data-auto="buybox-container"
                        >
                          <form
                            action="/groceries/en-GB/trolley/items/309786184?_method=PUT"
                            method="POST"
                            quantitytype="simple-quantity"
                            class="styles__SafeFormWrapper-jtpu2t-0 lcrYKS"
                          >
                            <input type="submit" class="hidden" /><input
                              type="hidden"
                              name="id"
                              value="309786184"
                            /><input
                              type="hidden"
                              name="identifier"
                              value="Page"
                            /><input
                              type="hidden"
                              name="anchorId"
                              value="#tile-309786184"
                            /><input
                              type="hidden"
                              name="returnUrl"
                              value="/groceries/en-GB/shop/summer-bbq/bbq-steaks-and-meats/all?page=1&amp;count=48#tile-309786184"
                            /><input
                              type="hidden"
                              name="backToUrl"
                              value="#"
                            /><input
                              type="hidden"
                              name="oldValue"
                              value="0"
                            /><input
                              type="hidden"
                              name="oldUnitChoice"
                              value="pcs"
                            /><input
                              type="hidden"
                              name="newUnitChoice"
                              value="pcs"
                            />
                            <div
                              class="base-components__RootElement-sc-1mosoyj-1 styled__Container-sc-6nhkzi-0 jptQqM hSNpTb beans-buybox__container"
                            >
                              <div
                                class="base-components__BaseElement-sc-1mosoyj-0 styled__PriceAndActions-sc-6nhkzi-3 oznwo eEPLov beans-buybox__price-and-actions"
                              >
                                <div
                                  class="base-components__RootElement-sc-1mosoyj-1 styled__Container-sc-8qlq5b-0 jptQqM bgZrjw styled__StyledPrice-sc-6nhkzi-5 iYHeik beans-buybox__price beans-price__container"
                                >
                                  <p
                                    class="styled__StyledHeading-sc-119w3hf-2 jWPEtj styled__Text-sc-8qlq5b-1 lnaeiZ beans-price__text"
                                  >
                                    £6.00
                                  </p>
                                  <p
                                    class="styled__StyledFootnote-sc-119w3hf-7 icrlVF styled__Subtext-sc-8qlq5b-2 bNJmdc beans-price__subtext"
                                  >
                                    £12.50/kg
                                  </p>
                                </div>
                                <div
                                  class="base-components__RootElement-sc-1mosoyj-1 styled__Container-vtxwzb-0 jptQqM bDFhXJ beans-buybox__actions beans-quantity-controls__container"
                                >
                                  <div
                                    class="base-components__RootElement-sc-1mosoyj-1 styled__Container-sc-16t2b2a-0 jptQqM PUfgZ styled__StyledFormGroup-vtxwzb-1 kzKuAr beans-quantity-controls__form-group beans-form-group__container"
                                  >
                                    <label
                                      class="styled__StyledLabel-sc-1ttuvhr-0 bwxooU beans-form-group__label beans-label"
                                      for="quantity-controls-309786184"
                                      >Quantity controls<!-- -->
                                    </label>
                                    <div
                                      class="base-components__BaseElement-sc-1mosoyj-0 styled__Children-sc-16t2b2a-3 oznwo gdJvjO beans-form-group__children"
                                    >
                                      <div
                                        class="styled__StyledQuantityControlWrapper-vtxwzb-6 LCxOg"
                                      >
                                        <label
                                          id="quantity-controls-309786184-label"
                                          class="styled__VisuallyHiddenLabel-vtxwzb-7 gXlLiM"
                                          >add Tesco Finest Jerk Inspired Pork
                                          Rib Eye Steaks 480G to basket</label
                                        ><input
                                          type="number"
                                          class="base-components__RootElement-sc-1mosoyj-1 styled__StyledInput-sc-1jd5f57-0 jptQqM hupFMH styled__StyledInput-vtxwzb-3 lwMHo beans-quantity-controls__input beans-input"
                                          data-auto="beans-quantity-controls-input"
                                          autocomplete="off"
                                          id="quantity-controls-309786184"
                                          maxlength="2"
                                          name="newValue"
                                          aria-labelledby="quantity-controls-309786184-label"
                                          value="1"
                                        />
                                      </div>
                                      <button
                                        class="styled__BaseButton-rsekm1-0 styled__PrimaryButton-rsekm1-2 jChbeY geeWOF styled__StyledButton-vtxwzb-5 japAxb beans-quantity-controls__add-button beans-button__container"
                                        type="submit"
                                        data-auto="beans-quantity-controls-add-button"
                                        aria-label="add Tesco Finest Jerk Inspired Pork Rib Eye Steaks 480G to basket"
                                      >
                                        <span
                                          class="base-components__BaseElement-sc-1mosoyj-0 styled__InnerContainer-rsekm1-1 oznwo fuFres beans-button__inner-container"
                                          ><span
                                            class="base-components__BaseElement-sc-1mosoyj-0 styled__TextSpan-rsekm1-4 oznwo GDiMp beans-button__text"
                                            >Add</span
                                          ></span
                                        >
                                      </button>
                                    </div>
                                  </div>
                                </div>
                              </div>
                            </div>
                            <input
                              type="hidden"
                              name="_csrf"
                              value="IF27hEy7-e8rc-JXh6PMvwMk_UVHaG6Azp1k"
                            />
                          </form>
                        </div>
                      </div>
                    </div>
                  </div>
                  <div class="hidden-medium product-info-section-small">
                    <div class="product-info-message-list"></div>
                  </div>
                </div>
                <div class="styles__StyledPromotionsMobile-dvv1wj-6 Bxaeb">
                  <div>
                    <div
                      class="styles__StyledPromotionsWithClubcardPriceContainer-sc-1vdpoop-0 bsPFbn"
                    >
                      <div
                        class="styles__StyledClubcardLogo-sc-1vdpoop-2 elOZEB"
                      >
                        <div
                          class="styles__Wrapper-sc-1d2phhy-0 hgBuQG undefined special-offer-sash"
                        >
                          <span
                            class="styles__CircleWrapper-sc-1d2phhy-2 hCbzjm"
                            ><strong
                              class="styles__TextWrapper-sc-1d2phhy-1 bLXNGg"
                              >Clubcard Price</strong
                            ></span
                          >
                        </div>
                      </div>
                      <a href="/groceries/en-GB/promotions/88493669"
                        ><div
                          class="styles__ProductPromotionStyling-sc-1vdpoop-3 cKitpL"
                        >
                          <div
                            class="styles__StyledPromotionsOfferContent-sc-1vdpoop-1 cPSekc"
                          >
                            <span class="offer-text"
                              >Any 2 for £10 Clubcard Price - Selected Tesco
                              Finest* Meat Products 210g - 585g</span
                            >
                          </div>
                          <span class="dates"
                            >Offer valid for delivery from 05/04/2022 until
                            29/09/2022</span
                          >
                        </div></a
                      >
                    </div>
                  </div>
                </div>
              </div>
            </div>
          </div>
        </li>
        <li class="product-list--list-item">
          <div class="styles__StyledVerticalTileWrapper-dvv1wj-0 dtCNPH">
            <div
              data-auto="product-tile"
              data-auto-type="Quantity"
              data-auto-available="true"
              data-auto-is-restricted-disabled="false"
              data-auto-is-substitute="false"
              class="styles__StyledVerticalTile-dvv1wj-1 hJqNin"
            >
              <div
                class="styles__StyledTileContentWrapper-dvv1wj-2 bkNhNP beans"
              >
                <div
                  id="tile-307340876"
                  data-auto-id="307340876"
                  class="styles__StyledTiledContent-dvv1wj-3 bcglTg"
                >
                  <a
                    href="/groceries/en-GB/products/307340876"
                    aria-hidden="true"
                    class="product-image-wrapper"
                    tabindex="1"
                    ><div class="product-image__container">
                      <picture
                        ><img
                          class="styled__Image-sjvkdn-0 bJErKA product-image beans-responsive-image__image"
                          src="https://digitalcontent.api.tesco.com/v2/media/ghs/afeb9e15-8f24-49fe-bf1d-5af5c1f1c24e/30f49286-29c2-40d6-8a0a-20599cc70f5c.jpeg?h=225&amp;w=225"
                          srcset="
                            https://digitalcontent.api.tesco.com/v2/media/ghs/afeb9e15-8f24-49fe-bf1d-5af5c1f1c24e/30f49286-29c2-40d6-8a0a-20599cc70f5c.jpeg?h=225&amp;w=225  768w,
                            https://digitalcontent.api.tesco.com/v2/media/ghs/afeb9e15-8f24-49fe-bf1d-5af5c1f1c24e/30f49286-29c2-40d6-8a0a-20599cc70f5c.jpeg?h=225&amp;w=225 4000w
                          "
                          alt="Tesco Fire Pit Buffalo Style Chicken Wings 900G"
                      /></picture></div
                  ></a>
                  <div class="product-details--wrapper">
                    <h3>
                      <a
                        href="/groceries/en-GB/products/307340876"
                        class="styled__Anchor-sc-1xbujuz-0 bmBCJq beans-link__anchor"
                        data-auto="product-tile--title"
                        ><span
                          class="styled__Text-sc-1xbujuz-1 ldbwMG beans-link__text"
                          >Tesco Fire Pit Buffalo Style Chicken Wings 900G</span
                        ></a
                      >
                    </h3>
                    <div
                      class="styles__StyledProductDetailsContent-dvv1wj-5 ddRSrq"
                    >
                      <a
                        href="/groceries/en-GB/reviews/submission/307340876?from=%2Fshop%2Fsummer-bbq%2Fbbq-steaks-and-meats%2Fall%3Fpage%3D1%26count%3D48"
                        aria-label="Write a review for Tesco Fire Pit Buffalo Style Chicken Wings 900G"
                        class="styled__Anchor-sc-1xbujuz-0 cFilde beans-link__anchor"
                        data-auto="review-link"
                        ><span
                          class="styled__Text-sc-1xbujuz-1 fyDIEo beans-link__text"
                          >Write a review</span
                        ><span
                          class="styled__IconContainer-sc-1xbujuz-2 bSauSL beans-link__icon-container"
                          ><svg
                            aria-hidden="true"
                            class="styled__SVG-xxa4wh-1 hQMCqc beans-link__icon beans-icon__svg"
                            height="13.33"
                            preserveAspectRatio="xMinYMax meet"
                            viewBox="-1 0 12 20"
                            width="8"
                            xmlns="http://www.w3.org/2000/svg"
                            color="currentColor"
                          >
                            <path
                              d="M1.312 1.348L10.276 10l-8.964 8.644"
                              fill="none"
                              stroke="currentColor"
                            ></path></svg></span
                      ></a>
                      <div>
                        <a
                          href="/groceries/en-GB/shop/fresh-food/fresh-meat-and-poultry/burgers-meatballs-and-bbq-meat/bbq-chicken"
                          class="styled__Anchor-sc-1xbujuz-0 cFilde beans-link__anchor"
                          ><span
                            class="styled__Text-sc-1xbujuz-1 fyDIEo beans-link__text"
                            >Rest of
                            <span class="visually-hidden">BBQ Chicken</span>
                            shelf</span
                          ><span
                            class="styled__IconContainer-sc-1xbujuz-2 bSauSL beans-link__icon-container"
                            ><svg
                              aria-hidden="true"
                              class="styled__SVG-xxa4wh-1 hQMCqc beans-link__icon beans-icon__svg"
                              height="13.33"
                              preserveAspectRatio="xMinYMax meet"
                              viewBox="-1 0 12 20"
                              width="8"
                              xmlns="http://www.w3.org/2000/svg"
                              color="currentColor"
                            >
                              <path
                                d="M1.312 1.348L10.276 10l-8.964 8.644"
                                fill="none"
                                stroke="currentColor"
                              ></path></svg></span
                        ></a>
                      </div>
                      <div class="product-info-message-section">
                        <div class="product-info-message-list"></div>
                      </div>
                    </div>
                    <div
                      class="styles__StyledPromotionsWithBuyBoxWrapper-dvv1wj-8 cZskDh"
                    >
                      <div
                        class="styles__StyledPromotionsAboveMobile-dvv1wj-7 iPTMuo"
                      >
                        <div
                          class="styles__StyledPromotionsWithClubcardPriceContainer-sc-1vdpoop-0 bsPFbn"
                        >
                          <div
                            class="styles__StyledClubcardLogo-sc-1vdpoop-2 elOZEB"
                          >
                            <div
                              class="styles__Wrapper-sc-1d2phhy-0 hgBuQG undefined special-offer-sash"
                            >
                              <span
                                class="styles__CircleWrapper-sc-1d2phhy-2 hCbzjm"
                                ><strong
                                  class="styles__TextWrapper-sc-1d2phhy-1 bLXNGg"
                                  >Clubcard Price</strong
                                ></span
                              >
                            </div>
                          </div>
                          <a href="/groceries/en-GB/promotions/88496145"
                            ><div
                              class="styles__ProductPromotionStyling-sc-1vdpoop-3 cKitpL"
                            >
                              <div
                                class="styles__StyledPromotionsOfferContent-sc-1vdpoop-1 cPSekc"
                              >
                                <span class="offer-text"
                                  >Any 2 for £8 Clubcard Price - Selected Tesco
                                  Ready To Cook &amp; Bbq Products 180g -
                                  1120g</span
                                >
                              </div>
                              <span class="dates"
                                >Offer valid for delivery from 25/05/2022 until
                                14/06/2022</span
                              >
                            </div></a
                          >
                        </div>
                      </div>
                      <div class="styles__StyledBuyBoxWrapper-dvv1wj-4 dSvjUC">
                        <div
                          class="styles__StyledBuyBoxContainer-sc-1wx0qp6-0 dAXuso"
                          data-auto="buybox-container"
                        >
                          <form
                            action="/groceries/en-GB/trolley/items/307340876?_method=PUT"
                            method="POST"
                            quantitytype="simple-quantity"
                            class="styles__SafeFormWrapper-jtpu2t-0 lcrYKS"
                          >
                            <input type="submit" class="hidden" /><input
                              type="hidden"
                              name="id"
                              value="307340876"
                            /><input
                              type="hidden"
                              name="identifier"
                              value="Page"
                            /><input
                              type="hidden"
                              name="anchorId"
                              value="#tile-307340876"
                            /><input
                              type="hidden"
                              name="returnUrl"
                              value="/groceries/en-GB/shop/summer-bbq/bbq-steaks-and-meats/all?page=1&amp;count=48#tile-307340876"
                            /><input
                              type="hidden"
                              name="backToUrl"
                              value="#"
                            /><input
                              type="hidden"
                              name="oldValue"
                              value="0"
                            /><input
                              type="hidden"
                              name="oldUnitChoice"
                              value="pcs"
                            /><input
                              type="hidden"
                              name="newUnitChoice"
                              value="pcs"
                            />
                            <div
                              class="base-components__RootElement-sc-1mosoyj-1 styled__Container-sc-6nhkzi-0 jptQqM hSNpTb beans-buybox__container"
                            >
                              <div
                                class="base-components__BaseElement-sc-1mosoyj-0 styled__PriceAndActions-sc-6nhkzi-3 oznwo eEPLov beans-buybox__price-and-actions"
                              >
                                <div
                                  class="base-components__RootElement-sc-1mosoyj-1 styled__Container-sc-8qlq5b-0 jptQqM bgZrjw styled__StyledPrice-sc-6nhkzi-5 iYHeik beans-buybox__price beans-price__container"
                                >
                                  <p
                                    class="styled__StyledHeading-sc-119w3hf-2 jWPEtj styled__Text-sc-8qlq5b-1 lnaeiZ beans-price__text"
                                  >
                                    £4.50
                                  </p>
                                  <p
                                    class="styled__StyledFootnote-sc-119w3hf-7 icrlVF styled__Subtext-sc-8qlq5b-2 bNJmdc beans-price__subtext"
                                  >
                                    £5.00/kg
                                  </p>
                                </div>
                                <div
                                  class="base-components__RootElement-sc-1mosoyj-1 styled__Container-vtxwzb-0 jptQqM bDFhXJ beans-buybox__actions beans-quantity-controls__container"
                                >
                                  <div
                                    class="base-components__RootElement-sc-1mosoyj-1 styled__Container-sc-16t2b2a-0 jptQqM PUfgZ styled__StyledFormGroup-vtxwzb-1 kzKuAr beans-quantity-controls__form-group beans-form-group__container"
                                  >
                                    <label
                                      class="styled__StyledLabel-sc-1ttuvhr-0 bwxooU beans-form-group__label beans-label"
                                      for="quantity-controls-307340876"
                                      >Quantity controls<!-- -->
                                    </label>
                                    <div
                                      class="base-components__BaseElement-sc-1mosoyj-0 styled__Children-sc-16t2b2a-3 oznwo gdJvjO beans-form-group__children"
                                    >
                                      <div
                                        class="styled__StyledQuantityControlWrapper-vtxwzb-6 LCxOg"
                                      >
                                        <label
                                          id="quantity-controls-307340876-label"
                                          class="styled__VisuallyHiddenLabel-vtxwzb-7 gXlLiM"
                                          >add Tesco Fire Pit Buffalo Style
                                          Chicken Wings 900G to basket</label
                                        ><input
                                          type="number"
                                          class="base-components__RootElement-sc-1mosoyj-1 styled__StyledInput-sc-1jd5f57-0 jptQqM hupFMH styled__StyledInput-vtxwzb-3 lwMHo beans-quantity-controls__input beans-input"
                                          data-auto="beans-quantity-controls-input"
                                          autocomplete="off"
                                          id="quantity-controls-307340876"
                                          maxlength="2"
                                          name="newValue"
                                          aria-labelledby="quantity-controls-307340876-label"
                                          value="1"
                                        />
                                      </div>
                                      <button
                                        class="styled__BaseButton-rsekm1-0 styled__PrimaryButton-rsekm1-2 jChbeY geeWOF styled__StyledButton-vtxwzb-5 japAxb beans-quantity-controls__add-button beans-button__container"
                                        type="submit"
                                        data-auto="beans-quantity-controls-add-button"
                                        aria-label="add Tesco Fire Pit Buffalo Style Chicken Wings 900G to basket"
                                      >
                                        <span
                                          class="base-components__BaseElement-sc-1mosoyj-0 styled__InnerContainer-rsekm1-1 oznwo fuFres beans-button__inner-container"
                                          ><span
                                            class="base-components__BaseElement-sc-1mosoyj-0 styled__TextSpan-rsekm1-4 oznwo GDiMp beans-button__text"
                                            >Add</span
                                          ></span
                                        >
                                      </button>
                                    </div>
                                  </div>
                                </div>
                              </div>
                            </div>
                            <input
                              type="hidden"
                              name="_csrf"
                              value="IF27hEy7-e8rc-JXh6PMvwMk_UVHaG6Azp1k"
                            />
                          </form>
                        </div>
                      </div>
                    </div>
                  </div>
                  <div class="hidden-medium product-info-section-small">
                    <div class="product-info-message-list"></div>
                  </div>
                </div>
                <div class="styles__StyledPromotionsMobile-dvv1wj-6 Bxaeb">
                  <div>
                    <div
                      class="styles__StyledPromotionsWithClubcardPriceContainer-sc-1vdpoop-0 bsPFbn"
                    >
                      <div
                        class="styles__StyledClubcardLogo-sc-1vdpoop-2 elOZEB"
                      >
                        <div
                          class="styles__Wrapper-sc-1d2phhy-0 hgBuQG undefined special-offer-sash"
                        >
                          <span
                            class="styles__CircleWrapper-sc-1d2phhy-2 hCbzjm"
                            ><strong
                              class="styles__TextWrapper-sc-1d2phhy-1 bLXNGg"
                              >Clubcard Price</strong
                            ></span
                          >
                        </div>
                      </div>
                      <a href="/groceries/en-GB/promotions/88496145"
                        ><div
                          class="styles__ProductPromotionStyling-sc-1vdpoop-3 cKitpL"
                        >
                          <div
                            class="styles__StyledPromotionsOfferContent-sc-1vdpoop-1 cPSekc"
                          >
                            <span class="offer-text"
                              >Any 2 for £8 Clubcard Price - Selected Tesco
                              Ready To Cook &amp; Bbq Products 180g -
                              1120g</span
                            >
                          </div>
                          <span class="dates"
                            >Offer valid for delivery from 25/05/2022 until
                            14/06/2022</span
                          >
                        </div></a
                      >
                    </div>
                  </div>
                </div>
              </div>
            </div>
          </div>
        </li>
        <li class="product-list--list-item">
          <div class="styles__StyledVerticalTileWrapper-dvv1wj-0 dtCNPH">
            <div
              data-auto="product-tile"
              data-auto-type="Quantity"
              data-auto-available="true"
              data-auto-is-restricted-disabled="false"
              data-auto-is-substitute="false"
              class="styles__StyledVerticalTile-dvv1wj-1 hJqNin"
            >
              <div
                class="styles__StyledTileContentWrapper-dvv1wj-2 bkNhNP beans"
              >
                <div
                  id="tile-310171766"
                  data-auto-id="310171766"
                  class="styles__StyledTiledContent-dvv1wj-3 bcglTg"
                >
                  <a
                    href="/groceries/en-GB/products/310171766"
                    aria-hidden="true"
                    class="product-image-wrapper"
                    tabindex="1"
                    ><div class="product-image__container">
                      <picture
                        ><img
                          class="styled__Image-sjvkdn-0 bJErKA product-image beans-responsive-image__image"
                          src="https://digitalcontent.api.tesco.com/v2/media/ghs/9f05fad8-89a9-478b-ae95-c0f98d90de7d/5a1032ab-22f8-4680-a199-fae8ffb70b89.jpeg?h=225&amp;w=225"
                          srcset="
                            https://digitalcontent.api.tesco.com/v2/media/ghs/9f05fad8-89a9-478b-ae95-c0f98d90de7d/5a1032ab-22f8-4680-a199-fae8ffb70b89.jpeg?h=225&amp;w=225  768w,
                            https://digitalcontent.api.tesco.com/v2/media/ghs/9f05fad8-89a9-478b-ae95-c0f98d90de7d/5a1032ab-22f8-4680-a199-fae8ffb70b89.jpeg?h=225&amp;w=225 4000w
                          "
                          alt="Tesco Finest Tandoori Inspired Lamb Kebabs 520G"
                      /></picture></div
                  ></a>
                  <div class="product-details--wrapper">
                    <h3>
                      <a
                        href="/groceries/en-GB/products/310171766"
                        class="styled__Anchor-sc-1xbujuz-0 bmBCJq beans-link__anchor"
                        data-auto="product-tile--title"
                        ><span
                          class="styled__Text-sc-1xbujuz-1 ldbwMG beans-link__text"
                          >Tesco Finest Tandoori Inspired Lamb Kebabs 520G</span
                        ></a
                      >
                    </h3>
                    <div
                      class="styles__StyledProductDetailsContent-dvv1wj-5 ddRSrq"
                    >
                      <a
                        href="/groceries/en-GB/reviews/submission/310171766?from=%2Fshop%2Fsummer-bbq%2Fbbq-steaks-and-meats%2Fall%3Fpage%3D1%26count%3D48"
                        aria-label="Write a review for Tesco Finest Tandoori Inspired Lamb Kebabs 520G"
                        class="styled__Anchor-sc-1xbujuz-0 cFilde beans-link__anchor"
                        data-auto="review-link"
                        ><span
                          class="styled__Text-sc-1xbujuz-1 fyDIEo beans-link__text"
                          >Write a review</span
                        ><span
                          class="styled__IconContainer-sc-1xbujuz-2 bSauSL beans-link__icon-container"
                          ><svg
                            aria-hidden="true"
                            class="styled__SVG-xxa4wh-1 hQMCqc beans-link__icon beans-icon__svg"
                            height="13.33"
                            preserveAspectRatio="xMinYMax meet"
                            viewBox="-1 0 12 20"
                            width="8"
                            xmlns="http://www.w3.org/2000/svg"
                            color="currentColor"
                          >
                            <path
                              d="M1.312 1.348L10.276 10l-8.964 8.644"
                              fill="none"
                              stroke="currentColor"
                            ></path></svg></span
                      ></a>
                      <div>
                        <a
                          href="/groceries/en-GB/shop/fresh-food/fresh-meat-and-poultry/burgers-meatballs-and-bbq-meat/bbq-lamb"
                          class="styled__Anchor-sc-1xbujuz-0 cFilde beans-link__anchor"
                          ><span
                            class="styled__Text-sc-1xbujuz-1 fyDIEo beans-link__text"
                            >Rest of
                            <span class="visually-hidden">BBQ Lamb</span>
                            shelf</span
                          ><span
                            class="styled__IconContainer-sc-1xbujuz-2 bSauSL beans-link__icon-container"
                            ><svg
                              aria-hidden="true"
                              class="styled__SVG-xxa4wh-1 hQMCqc beans-link__icon beans-icon__svg"
                              height="13.33"
                              preserveAspectRatio="xMinYMax meet"
                              viewBox="-1 0 12 20"
                              width="8"
                              xmlns="http://www.w3.org/2000/svg"
                              color="currentColor"
                            >
                              <path
                                d="M1.312 1.348L10.276 10l-8.964 8.644"
                                fill="none"
                                stroke="currentColor"
                              ></path></svg></span
                        ></a>
                      </div>
                      <div class="product-info-message-section">
                        <div class="product-info-message-list"></div>
                      </div>
                    </div>
                    <div
                      class="styles__StyledPromotionsWithBuyBoxWrapper-dvv1wj-8 cZskDh"
                    >
                      <div
                        class="styles__StyledPromotionsAboveMobile-dvv1wj-7 iPTMuo"
                      >
                        <div
                          class="styles__StyledPromotionsWithClubcardPriceContainer-sc-1vdpoop-0 bsPFbn"
                        >
                          <div
                            class="styles__StyledClubcardLogo-sc-1vdpoop-2 elOZEB"
                          >
                            <div
                              class="styles__Wrapper-sc-1d2phhy-0 hgBuQG undefined special-offer-sash"
                            >
                              <span
                                class="styles__CircleWrapper-sc-1d2phhy-2 hCbzjm"
                                ><strong
                                  class="styles__TextWrapper-sc-1d2phhy-1 bLXNGg"
                                  >Clubcard Price</strong
                                ></span
                              >
                            </div>
                          </div>
                          <a href="/groceries/en-GB/promotions/88493669"
                            ><div
                              class="styles__ProductPromotionStyling-sc-1vdpoop-3 cKitpL"
                            >
                              <div
                                class="styles__StyledPromotionsOfferContent-sc-1vdpoop-1 cPSekc"
                              >
                                <span class="offer-text"
                                  >Any 2 for £10 Clubcard Price - Selected Tesco
                                  Finest* Meat Products 210g - 585g</span
                                >
                              </div>
                              <span class="dates"
                                >Offer valid for delivery from 05/04/2022 until
                                29/09/2022</span
                              >
                            </div></a
                          >
                        </div>
                      </div>
                      <div class="styles__StyledBuyBoxWrapper-dvv1wj-4 dSvjUC">
                        <div
                          class="styles__StyledBuyBoxContainer-sc-1wx0qp6-0 dAXuso"
                          data-auto="buybox-container"
                        >
                          <form
                            action="/groceries/en-GB/trolley/items/310171766?_method=PUT"
                            method="POST"
                            quantitytype="simple-quantity"
                            class="styles__SafeFormWrapper-jtpu2t-0 lcrYKS"
                          >
                            <input type="submit" class="hidden" /><input
                              type="hidden"
                              name="id"
                              value="310171766"
                            /><input
                              type="hidden"
                              name="identifier"
                              value="Page"
                            /><input
                              type="hidden"
                              name="anchorId"
                              value="#tile-310171766"
                            /><input
                              type="hidden"
                              name="returnUrl"
                              value="/groceries/en-GB/shop/summer-bbq/bbq-steaks-and-meats/all?page=1&amp;count=48#tile-310171766"
                            /><input
                              type="hidden"
                              name="backToUrl"
                              value="#"
                            /><input
                              type="hidden"
                              name="oldValue"
                              value="0"
                            /><input
                              type="hidden"
                              name="oldUnitChoice"
                              value="pcs"
                            /><input
                              type="hidden"
                              name="newUnitChoice"
                              value="pcs"
                            />
                            <div
                              class="base-components__RootElement-sc-1mosoyj-1 styled__Container-sc-6nhkzi-0 jptQqM hSNpTb beans-buybox__container"
                            >
                              <div
                                class="base-components__BaseElement-sc-1mosoyj-0 styled__PriceAndActions-sc-6nhkzi-3 oznwo eEPLov beans-buybox__price-and-actions"
                              >
                                <div
                                  class="base-components__RootElement-sc-1mosoyj-1 styled__Container-sc-8qlq5b-0 jptQqM bgZrjw styled__StyledPrice-sc-6nhkzi-5 iYHeik beans-buybox__price beans-price__container"
                                >
                                  <p
                                    class="styled__StyledHeading-sc-119w3hf-2 jWPEtj styled__Text-sc-8qlq5b-1 lnaeiZ beans-price__text"
                                  >
                                    £6.00
                                  </p>
                                  <p
                                    class="styled__StyledFootnote-sc-119w3hf-7 icrlVF styled__Subtext-sc-8qlq5b-2 bNJmdc beans-price__subtext"
                                  >
                                    £11.54/kg
                                  </p>
                                </div>
                                <div
                                  class="base-components__RootElement-sc-1mosoyj-1 styled__Container-vtxwzb-0 jptQqM bDFhXJ beans-buybox__actions beans-quantity-controls__container"
                                >
                                  <div
                                    class="base-components__RootElement-sc-1mosoyj-1 styled__Container-sc-16t2b2a-0 jptQqM PUfgZ styled__StyledFormGroup-vtxwzb-1 kzKuAr beans-quantity-controls__form-group beans-form-group__container"
                                  >
                                    <label
                                      class="styled__StyledLabel-sc-1ttuvhr-0 bwxooU beans-form-group__label beans-label"
                                      for="quantity-controls-310171766"
                                      >Quantity controls<!-- -->
                                    </label>
                                    <div
                                      class="base-components__BaseElement-sc-1mosoyj-0 styled__Children-sc-16t2b2a-3 oznwo gdJvjO beans-form-group__children"
                                    >
                                      <div
                                        class="styled__StyledQuantityControlWrapper-vtxwzb-6 LCxOg"
                                      >
                                        <label
                                          id="quantity-controls-310171766-label"
                                          class="styled__VisuallyHiddenLabel-vtxwzb-7 gXlLiM"
                                          >add Tesco Finest Tandoori Inspired
                                          Lamb Kebabs 520G to basket</label
                                        ><input
                                          type="number"
                                          class="base-components__RootElement-sc-1mosoyj-1 styled__StyledInput-sc-1jd5f57-0 jptQqM hupFMH styled__StyledInput-vtxwzb-3 lwMHo beans-quantity-controls__input beans-input"
                                          data-auto="beans-quantity-controls-input"
                                          autocomplete="off"
                                          id="quantity-controls-310171766"
                                          maxlength="2"
                                          name="newValue"
                                          aria-labelledby="quantity-controls-310171766-label"
                                          value="1"
                                        />
                                      </div>
                                      <button
                                        class="styled__BaseButton-rsekm1-0 styled__PrimaryButton-rsekm1-2 jChbeY geeWOF styled__StyledButton-vtxwzb-5 japAxb beans-quantity-controls__add-button beans-button__container"
                                        type="submit"
                                        data-auto="beans-quantity-controls-add-button"
                                        aria-label="add Tesco Finest Tandoori Inspired Lamb Kebabs 520G to basket"
                                      >
                                        <span
                                          class="base-components__BaseElement-sc-1mosoyj-0 styled__InnerContainer-rsekm1-1 oznwo fuFres beans-button__inner-container"
                                          ><span
                                            class="base-components__BaseElement-sc-1mosoyj-0 styled__TextSpan-rsekm1-4 oznwo GDiMp beans-button__text"
                                            >Add</span
                                          ></span
                                        >
                                      </button>
                                    </div>
                                  </div>
                                </div>
                              </div>
                            </div>
                            <input
                              type="hidden"
                              name="_csrf"
                              value="IF27hEy7-e8rc-JXh6PMvwMk_UVHaG6Azp1k"
                            />
                          </form>
                        </div>
                      </div>
                    </div>
                  </div>
                  <div class="hidden-medium product-info-section-small">
                    <div class="product-info-message-list"></div>
                  </div>
                </div>
                <div class="styles__StyledPromotionsMobile-dvv1wj-6 Bxaeb">
                  <div>
                    <div
                      class="styles__StyledPromotionsWithClubcardPriceContainer-sc-1vdpoop-0 bsPFbn"
                    >
                      <div
                        class="styles__StyledClubcardLogo-sc-1vdpoop-2 elOZEB"
                      >
                        <div
                          class="styles__Wrapper-sc-1d2phhy-0 hgBuQG undefined special-offer-sash"
                        >
                          <span
                            class="styles__CircleWrapper-sc-1d2phhy-2 hCbzjm"
                            ><strong
                              class="styles__TextWrapper-sc-1d2phhy-1 bLXNGg"
                              >Clubcard Price</strong
                            ></span
                          >
                        </div>
                      </div>
                      <a href="/groceries/en-GB/promotions/88493669"
                        ><div
                          class="styles__ProductPromotionStyling-sc-1vdpoop-3 cKitpL"
                        >
                          <div
                            class="styles__StyledPromotionsOfferContent-sc-1vdpoop-1 cPSekc"
                          >
                            <span class="offer-text"
                              >Any 2 for £10 Clubcard Price - Selected Tesco
                              Finest* Meat Products 210g - 585g</span
                            >
                          </div>
                          <span class="dates"
                            >Offer valid for delivery from 05/04/2022 until
                            29/09/2022</span
                          >
                        </div></a
                      >
                    </div>
                  </div>
                </div>
              </div>
            </div>
          </div>
        </li>
        <li class="product-list--list-item">
          <div class="styles__StyledVerticalTileWrapper-dvv1wj-0 dtCNPH">
            <div
              data-auto="product-tile"
              data-auto-type="Quantity"
              data-auto-available="true"
              data-auto-is-restricted-disabled="false"
              data-auto-is-substitute="false"
              class="styles__StyledVerticalTile-dvv1wj-1 hJqNin"
            >
              <div
                class="styles__StyledTileContentWrapper-dvv1wj-2 bkNhNP beans"
              >
                <div
                  id="tile-310690497"
                  data-auto-id="310690497"
                  class="styles__StyledTiledContent-dvv1wj-3 bcglTg"
                >
                  <a
                    href="/groceries/en-GB/products/310690497"
                    aria-hidden="true"
                    class="product-image-wrapper"
                    tabindex="1"
                    ><div class="product-image__container">
                      <picture
                        ><img
                          class="styled__Image-sjvkdn-0 bJErKA product-image beans-responsive-image__image"
                          src="https://digitalcontent.api.tesco.com/v2/media/ghs/f38e4c43-7b7c-4943-8351-35f295b3a867/010a4507-8f28-4d84-9b2a-33a5d3a2a68e.jpeg?h=225&amp;w=225"
                          srcset="
                            https://digitalcontent.api.tesco.com/v2/media/ghs/f38e4c43-7b7c-4943-8351-35f295b3a867/010a4507-8f28-4d84-9b2a-33a5d3a2a68e.jpeg?h=225&amp;w=225  768w,
                            https://digitalcontent.api.tesco.com/v2/media/ghs/f38e4c43-7b7c-4943-8351-35f295b3a867/010a4507-8f28-4d84-9b2a-33a5d3a2a68e.jpeg?h=225&amp;w=225 4000w
                          "
                          alt="Tesco Fire Pit Asian Inspired Pork Belly Slices 450G"
                      /></picture></div
                  ></a>
                  <div class="product-details--wrapper">
                    <h3>
                      <a
                        href="/groceries/en-GB/products/310690497"
                        class="styled__Anchor-sc-1xbujuz-0 bmBCJq beans-link__anchor"
                        data-auto="product-tile--title"
                        ><span
                          class="styled__Text-sc-1xbujuz-1 ldbwMG beans-link__text"
                          >Tesco Fire Pit Asian Inspired Pork Belly Slices
                          450G</span
                        ></a
                      >
                    </h3>
                    <div
                      class="styles__StyledProductDetailsContent-dvv1wj-5 ddRSrq"
                    >
                      <a
                        href="/groceries/en-GB/reviews/submission/310690497?from=%2Fshop%2Fsummer-bbq%2Fbbq-steaks-and-meats%2Fall%3Fpage%3D1%26count%3D48"
                        aria-label="Write a review for Tesco Fire Pit Asian Inspired Pork Belly Slices 450G"
                        class="styled__Anchor-sc-1xbujuz-0 cFilde beans-link__anchor"
                        data-auto="review-link"
                        ><span
                          class="styled__Text-sc-1xbujuz-1 fyDIEo beans-link__text"
                          >Write a review</span
                        ><span
                          class="styled__IconContainer-sc-1xbujuz-2 bSauSL beans-link__icon-container"
                          ><svg
                            aria-hidden="true"
                            class="styled__SVG-xxa4wh-1 hQMCqc beans-link__icon beans-icon__svg"
                            height="13.33"
                            preserveAspectRatio="xMinYMax meet"
                            viewBox="-1 0 12 20"
                            width="8"
                            xmlns="http://www.w3.org/2000/svg"
                            color="currentColor"
                          >
                            <path
                              d="M1.312 1.348L10.276 10l-8.964 8.644"
                              fill="none"
                              stroke="currentColor"
                            ></path></svg></span
                      ></a>
                      <div>
                        <a
                          href="/groceries/en-GB/shop/fresh-food/fresh-meat-and-poultry/burgers-meatballs-and-bbq-meat/bbq-pork"
                          class="styled__Anchor-sc-1xbujuz-0 cFilde beans-link__anchor"
                          ><span
                            class="styled__Text-sc-1xbujuz-1 fyDIEo beans-link__text"
                            >Rest of
                            <span class="visually-hidden">BBQ Pork</span>
                            shelf</span
                          ><span
                            class="styled__IconContainer-sc-1xbujuz-2 bSauSL beans-link__icon-container"
                            ><svg
                              aria-hidden="true"
                              class="styled__SVG-xxa4wh-1 hQMCqc beans-link__icon beans-icon__svg"
                              height="13.33"
                              preserveAspectRatio="xMinYMax meet"
                              viewBox="-1 0 12 20"
                              width="8"
                              xmlns="http://www.w3.org/2000/svg"
                              color="currentColor"
                            >
                              <path
                                d="M1.312 1.348L10.276 10l-8.964 8.644"
                                fill="none"
                                stroke="currentColor"
                              ></path></svg></span
                        ></a>
                      </div>
                      <div class="product-info-message-section">
                        <div class="product-info-message-list"></div>
                      </div>
                    </div>
                    <div
                      class="styles__StyledPromotionsWithBuyBoxWrapper-dvv1wj-8 cZskDh"
                    >
                      <div
                        class="styles__StyledPromotionsAboveMobile-dvv1wj-7 iPTMuo"
                      >
                        <div
                          class="styles__StyledPromotionsWithClubcardPriceContainer-sc-1vdpoop-0 bsPFbn"
                        >
                          <div
                            class="styles__StyledClubcardLogo-sc-1vdpoop-2 elOZEB"
                          >
                            <div
                              class="styles__Wrapper-sc-1d2phhy-0 hgBuQG undefined special-offer-sash"
                            >
                              <span
                                class="styles__CircleWrapper-sc-1d2phhy-2 hCbzjm"
                                ><strong
                                  class="styles__TextWrapper-sc-1d2phhy-1 bLXNGg"
                                  >Clubcard Price</strong
                                ></span
                              >
                            </div>
                          </div>
                          <a href="/groceries/en-GB/promotions/88496145"
                            ><div
                              class="styles__ProductPromotionStyling-sc-1vdpoop-3 cKitpL"
                            >
                              <div
                                class="styles__StyledPromotionsOfferContent-sc-1vdpoop-1 cPSekc"
                              >
                                <span class="offer-text"
                                  >Any 2 for £8 Clubcard Price - Selected Tesco
                                  Ready To Cook &amp; Bbq Products 180g -
                                  1120g</span
                                >
                              </div>
                              <span class="dates"
                                >Offer valid for delivery from 25/05/2022 until
                                14/06/2022</span
                              >
                            </div></a
                          >
                        </div>
                      </div>
                      <div class="styles__StyledBuyBoxWrapper-dvv1wj-4 dSvjUC">
                        <div
                          class="styles__StyledBuyBoxContainer-sc-1wx0qp6-0 dAXuso"
                          data-auto="buybox-container"
                        >
                          <form
                            action="/groceries/en-GB/trolley/items/310690497?_method=PUT"
                            method="POST"
                            quantitytype="simple-quantity"
                            class="styles__SafeFormWrapper-jtpu2t-0 lcrYKS"
                          >
                            <input type="submit" class="hidden" /><input
                              type="hidden"
                              name="id"
                              value="310690497"
                            /><input
                              type="hidden"
                              name="identifier"
                              value="Page"
                            /><input
                              type="hidden"
                              name="anchorId"
                              value="#tile-310690497"
                            /><input
                              type="hidden"
                              name="returnUrl"
                              value="/groceries/en-GB/shop/summer-bbq/bbq-steaks-and-meats/all?page=1&amp;count=48#tile-310690497"
                            /><input
                              type="hidden"
                              name="backToUrl"
                              value="#"
                            /><input
                              type="hidden"
                              name="oldValue"
                              value="0"
                            /><input
                              type="hidden"
                              name="oldUnitChoice"
                              value="pcs"
                            /><input
                              type="hidden"
                              name="newUnitChoice"
                              value="pcs"
                            />
                            <div
                              class="base-components__RootElement-sc-1mosoyj-1 styled__Container-sc-6nhkzi-0 jptQqM hSNpTb beans-buybox__container"
                            >
                              <div
                                class="base-components__BaseElement-sc-1mosoyj-0 styled__PriceAndActions-sc-6nhkzi-3 oznwo eEPLov beans-buybox__price-and-actions"
                              >
                                <div
                                  class="base-components__RootElement-sc-1mosoyj-1 styled__Container-sc-8qlq5b-0 jptQqM bgZrjw styled__StyledPrice-sc-6nhkzi-5 iYHeik beans-buybox__price beans-price__container"
                                >
                                  <p
                                    class="styled__StyledHeading-sc-119w3hf-2 jWPEtj styled__Text-sc-8qlq5b-1 lnaeiZ beans-price__text"
                                  >
                                    £4.50
                                  </p>
                                  <p
                                    class="styled__StyledFootnote-sc-119w3hf-7 icrlVF styled__Subtext-sc-8qlq5b-2 bNJmdc beans-price__subtext"
                                  >
                                    £10.00/kg
                                  </p>
                                </div>
                                <div
                                  class="base-components__RootElement-sc-1mosoyj-1 styled__Container-vtxwzb-0 jptQqM bDFhXJ beans-buybox__actions beans-quantity-controls__container"
                                >
                                  <div
                                    class="base-components__RootElement-sc-1mosoyj-1 styled__Container-sc-16t2b2a-0 jptQqM PUfgZ styled__StyledFormGroup-vtxwzb-1 kzKuAr beans-quantity-controls__form-group beans-form-group__container"
                                  >
                                    <label
                                      class="styled__StyledLabel-sc-1ttuvhr-0 bwxooU beans-form-group__label beans-label"
                                      for="quantity-controls-310690497"
                                      >Quantity controls<!-- -->
                                    </label>
                                    <div
                                      class="base-components__BaseElement-sc-1mosoyj-0 styled__Children-sc-16t2b2a-3 oznwo gdJvjO beans-form-group__children"
                                    >
                                      <div
                                        class="styled__StyledQuantityControlWrapper-vtxwzb-6 LCxOg"
                                      >
                                        <label
                                          id="quantity-controls-310690497-label"
                                          class="styled__VisuallyHiddenLabel-vtxwzb-7 gXlLiM"
                                          >add Tesco Fire Pit Asian Inspired
                                          Pork Belly Slices 450G to
                                          basket</label
                                        ><input
                                          type="number"
                                          class="base-components__RootElement-sc-1mosoyj-1 styled__StyledInput-sc-1jd5f57-0 jptQqM hupFMH styled__StyledInput-vtxwzb-3 lwMHo beans-quantity-controls__input beans-input"
                                          data-auto="beans-quantity-controls-input"
                                          autocomplete="off"
                                          id="quantity-controls-310690497"
                                          maxlength="2"
                                          name="newValue"
                                          aria-labelledby="quantity-controls-310690497-label"
                                          value="1"
                                        />
                                      </div>
                                      <button
                                        class="styled__BaseButton-rsekm1-0 styled__PrimaryButton-rsekm1-2 jChbeY geeWOF styled__StyledButton-vtxwzb-5 japAxb beans-quantity-controls__add-button beans-button__container"
                                        type="submit"
                                        data-auto="beans-quantity-controls-add-button"
                                        aria-label="add Tesco Fire Pit Asian Inspired Pork Belly Slices 450G to basket"
                                      >
                                        <span
                                          class="base-components__BaseElement-sc-1mosoyj-0 styled__InnerContainer-rsekm1-1 oznwo fuFres beans-button__inner-container"
                                          ><span
                                            class="base-components__BaseElement-sc-1mosoyj-0 styled__TextSpan-rsekm1-4 oznwo GDiMp beans-button__text"
                                            >Add</span
                                          ></span
                                        >
                                      </button>
                                    </div>
                                  </div>
                                </div>
                              </div>
                            </div>
                            <input
                              type="hidden"
                              name="_csrf"
                              value="IF27hEy7-e8rc-JXh6PMvwMk_UVHaG6Azp1k"
                            />
                          </form>
                        </div>
                      </div>
                    </div>
                  </div>
                  <div class="hidden-medium product-info-section-small">
                    <div class="product-info-message-list"></div>
                  </div>
                </div>
                <div class="styles__StyledPromotionsMobile-dvv1wj-6 Bxaeb">
                  <div>
                    <div
                      class="styles__StyledPromotionsWithClubcardPriceContainer-sc-1vdpoop-0 bsPFbn"
                    >
                      <div
                        class="styles__StyledClubcardLogo-sc-1vdpoop-2 elOZEB"
                      >
                        <div
                          class="styles__Wrapper-sc-1d2phhy-0 hgBuQG undefined special-offer-sash"
                        >
                          <span
                            class="styles__CircleWrapper-sc-1d2phhy-2 hCbzjm"
                            ><strong
                              class="styles__TextWrapper-sc-1d2phhy-1 bLXNGg"
                              >Clubcard Price</strong
                            ></span
                          >
                        </div>
                      </div>
                      <a href="/groceries/en-GB/promotions/88496145"
                        ><div
                          class="styles__ProductPromotionStyling-sc-1vdpoop-3 cKitpL"
                        >
                          <div
                            class="styles__StyledPromotionsOfferContent-sc-1vdpoop-1 cPSekc"
                          >
                            <span class="offer-text"
                              >Any 2 for £8 Clubcard Price - Selected Tesco
                              Ready To Cook &amp; Bbq Products 180g -
                              1120g</span
                            >
                          </div>
                          <span class="dates"
                            >Offer valid for delivery from 25/05/2022 until
                            14/06/2022</span
                          >
                        </div></a
                      >
                    </div>
                  </div>
                </div>
              </div>
            </div>
          </div>
        </li>
        <li class="product-list--list-item">
          <div class="styles__StyledVerticalTileWrapper-dvv1wj-0 dtCNPH">
            <div
              data-auto="product-tile"
              data-auto-type="Quantity"
              data-auto-available="true"
              data-auto-is-restricted-disabled="false"
              data-auto-is-substitute="false"
              class="styles__StyledVerticalTile-dvv1wj-1 hJqNin"
            >
              <div
                class="styles__StyledTileContentWrapper-dvv1wj-2 bkNhNP beans"
              >
                <div
                  id="tile-310173919"
                  data-auto-id="310173919"
                  class="styles__StyledTiledContent-dvv1wj-3 bcglTg"
                >
                  <a
                    href="/groceries/en-GB/products/310173919"
                    aria-hidden="true"
                    class="product-image-wrapper"
                    tabindex="1"
                    ><div class="product-image__container">
                      <picture
                        ><img
                          class="styled__Image-sjvkdn-0 bJErKA product-image beans-responsive-image__image"
                          src="https://digitalcontent.api.tesco.com/v2/media/ghs/93a37e7f-5e4d-4086-9eed-2bc2fd43c7be/2e31d392-6d8c-4c5a-b400-a35a2aa633b6.jpeg?h=225&amp;w=225"
                          srcset="
                            https://digitalcontent.api.tesco.com/v2/media/ghs/93a37e7f-5e4d-4086-9eed-2bc2fd43c7be/2e31d392-6d8c-4c5a-b400-a35a2aa633b6.jpeg?h=225&amp;w=225  768w,
                            https://digitalcontent.api.tesco.com/v2/media/ghs/93a37e7f-5e4d-4086-9eed-2bc2fd43c7be/2e31d392-6d8c-4c5a-b400-a35a2aa633b6.jpeg?h=225&amp;w=225 4000w
                          "
                          alt="Tesco Fire Pit Bbq Pork Loin Steaks 400G"
                      /></picture></div
                  ></a>
                  <div class="product-details--wrapper">
                    <h3>
                      <a
                        href="/groceries/en-GB/products/310173919"
                        class="styled__Anchor-sc-1xbujuz-0 bmBCJq beans-link__anchor"
                        data-auto="product-tile--title"
                        ><span
                          class="styled__Text-sc-1xbujuz-1 ldbwMG beans-link__text"
                          >Tesco Fire Pit Bbq Pork Loin Steaks 400G</span
                        ></a
                      >
                    </h3>
                    <div
                      class="styles__StyledProductDetailsContent-dvv1wj-5 ddRSrq"
                    >
                      <a
                        href="/groceries/en-GB/reviews/submission/310173919?from=%2Fshop%2Fsummer-bbq%2Fbbq-steaks-and-meats%2Fall%3Fpage%3D1%26count%3D48"
                        aria-label="Write a review for Tesco Fire Pit Bbq Pork Loin Steaks 400G"
                        class="styled__Anchor-sc-1xbujuz-0 cFilde beans-link__anchor"
                        data-auto="review-link"
                        ><span
                          class="styled__Text-sc-1xbujuz-1 fyDIEo beans-link__text"
                          >Write a review</span
                        ><span
                          class="styled__IconContainer-sc-1xbujuz-2 bSauSL beans-link__icon-container"
                          ><svg
                            aria-hidden="true"
                            class="styled__SVG-xxa4wh-1 hQMCqc beans-link__icon beans-icon__svg"
                            height="13.33"
                            preserveAspectRatio="xMinYMax meet"
                            viewBox="-1 0 12 20"
                            width="8"
                            xmlns="http://www.w3.org/2000/svg"
                            color="currentColor"
                          >
                            <path
                              d="M1.312 1.348L10.276 10l-8.964 8.644"
                              fill="none"
                              stroke="currentColor"
                            ></path></svg></span
                      ></a>
                      <div>
                        <a
                          href="/groceries/en-GB/shop/frozen-food/frozen-meat-and-poultry/frozen-bbq-meat-and-chicken/frozen-bbq-meat"
                          class="styled__Anchor-sc-1xbujuz-0 cFilde beans-link__anchor"
                          ><span
                            class="styled__Text-sc-1xbujuz-1 fyDIEo beans-link__text"
                            >Rest of
                            <span class="visually-hidden">Frozen BBQ Meat</span>
                            shelf</span
                          ><span
                            class="styled__IconContainer-sc-1xbujuz-2 bSauSL beans-link__icon-container"
                            ><svg
                              aria-hidden="true"
                              class="styled__SVG-xxa4wh-1 hQMCqc beans-link__icon beans-icon__svg"
                              height="13.33"
                              preserveAspectRatio="xMinYMax meet"
                              viewBox="-1 0 12 20"
                              width="8"
                              xmlns="http://www.w3.org/2000/svg"
                              color="currentColor"
                            >
                              <path
                                d="M1.312 1.348L10.276 10l-8.964 8.644"
                                fill="none"
                                stroke="currentColor"
                              ></path></svg></span
                        ></a>
                      </div>
                      <div class="product-info-message-section">
                        <div class="product-info-message-list"></div>
                      </div>
                    </div>
                    <div
                      class="styles__StyledPromotionsWithBuyBoxWrapper-dvv1wj-8 cZskDh"
                    >
                      <div
                        class="styles__StyledPromotionsAboveMobile-dvv1wj-7 iPTMuo"
                      >
                        <div
                          class="styles__StyledPromotionsWithClubcardPriceContainer-sc-1vdpoop-0 bsPFbn"
                        >
                          <div
                            class="styles__StyledClubcardLogo-sc-1vdpoop-2 elOZEB"
                          >
                            <div
                              class="styles__Wrapper-sc-1d2phhy-0 hgBuQG undefined special-offer-sash"
                            >
                              <span
                                class="styles__CircleWrapper-sc-1d2phhy-2 hCbzjm"
                                ><strong
                                  class="styles__TextWrapper-sc-1d2phhy-1 bLXNGg"
                                  >Clubcard Price</strong
                                ></span
                              >
                            </div>
                          </div>
                          <a href="/groceries/en-GB/promotions/88501107"
                            ><div
                              class="styles__ProductPromotionStyling-sc-1vdpoop-3 cKitpL"
                            >
                              <div
                                class="styles__StyledPromotionsOfferContent-sc-1vdpoop-1 cPSekc"
                              >
                                <span class="offer-text"
                                  >Any 2 for £5 Clubcard Price - Selected Tesco
                                  Frozen Fire Pit 240g - 800g</span
                                >
                              </div>
                              <span class="dates"
                                >Offer valid for delivery from 14/04/2022 until
                                19/09/2022</span
                              >
                            </div></a
                          >
                        </div>
                      </div>
                      <div class="styles__StyledBuyBoxWrapper-dvv1wj-4 dSvjUC">
                        <div
                          class="styles__StyledBuyBoxContainer-sc-1wx0qp6-0 dAXuso"
                          data-auto="buybox-container"
                        >
                          <form
                            action="/groceries/en-GB/trolley/items/310173919?_method=PUT"
                            method="POST"
                            quantitytype="simple-quantity"
                            class="styles__SafeFormWrapper-jtpu2t-0 lcrYKS"
                          >
                            <input type="submit" class="hidden" /><input
                              type="hidden"
                              name="id"
                              value="310173919"
                            /><input
                              type="hidden"
                              name="identifier"
                              value="Page"
                            /><input
                              type="hidden"
                              name="anchorId"
                              value="#tile-310173919"
                            /><input
                              type="hidden"
                              name="returnUrl"
                              value="/groceries/en-GB/shop/summer-bbq/bbq-steaks-and-meats/all?page=1&amp;count=48#tile-310173919"
                            /><input
                              type="hidden"
                              name="backToUrl"
                              value="#"
                            /><input
                              type="hidden"
                              name="oldValue"
                              value="0"
                            /><input
                              type="hidden"
                              name="oldUnitChoice"
                              value="pcs"
                            /><input
                              type="hidden"
                              name="newUnitChoice"
                              value="pcs"
                            />
                            <div
                              class="base-components__RootElement-sc-1mosoyj-1 styled__Container-sc-6nhkzi-0 jptQqM hSNpTb beans-buybox__container"
                            >
                              <div
                                class="base-components__BaseElement-sc-1mosoyj-0 styled__PriceAndActions-sc-6nhkzi-3 oznwo eEPLov beans-buybox__price-and-actions"
                              >
                                <div
                                  class="base-components__RootElement-sc-1mosoyj-1 styled__Container-sc-8qlq5b-0 jptQqM bgZrjw styled__StyledPrice-sc-6nhkzi-5 iYHeik beans-buybox__price beans-price__container"
                                >
                                  <p
                                    class="styled__StyledHeading-sc-119w3hf-2 jWPEtj styled__Text-sc-8qlq5b-1 lnaeiZ beans-price__text"
                                  >
                                    £3.00
                                  </p>
                                  <p
                                    class="styled__StyledFootnote-sc-119w3hf-7 icrlVF styled__Subtext-sc-8qlq5b-2 bNJmdc beans-price__subtext"
                                  >
                                    £7.50/kg
                                  </p>
                                </div>
                                <div
                                  class="base-components__RootElement-sc-1mosoyj-1 styled__Container-vtxwzb-0 jptQqM bDFhXJ beans-buybox__actions beans-quantity-controls__container"
                                >
                                  <div
                                    class="base-components__RootElement-sc-1mosoyj-1 styled__Container-sc-16t2b2a-0 jptQqM PUfgZ styled__StyledFormGroup-vtxwzb-1 kzKuAr beans-quantity-controls__form-group beans-form-group__container"
                                  >
                                    <label
                                      class="styled__StyledLabel-sc-1ttuvhr-0 bwxooU beans-form-group__label beans-label"
                                      for="quantity-controls-310173919"
                                      >Quantity controls<!-- -->
                                    </label>
                                    <div
                                      class="base-components__BaseElement-sc-1mosoyj-0 styled__Children-sc-16t2b2a-3 oznwo gdJvjO beans-form-group__children"
                                    >
                                      <div
                                        class="styled__StyledQuantityControlWrapper-vtxwzb-6 LCxOg"
                                      >
                                        <label
                                          id="quantity-controls-310173919-label"
                                          class="styled__VisuallyHiddenLabel-vtxwzb-7 gXlLiM"
                                          >add Tesco Fire Pit Bbq Pork Loin
                                          Steaks 400G to basket</label
                                        ><input
                                          type="number"
                                          class="base-components__RootElement-sc-1mosoyj-1 styled__StyledInput-sc-1jd5f57-0 jptQqM hupFMH styled__StyledInput-vtxwzb-3 lwMHo beans-quantity-controls__input beans-input"
                                          data-auto="beans-quantity-controls-input"
                                          autocomplete="off"
                                          id="quantity-controls-310173919"
                                          maxlength="2"
                                          name="newValue"
                                          aria-labelledby="quantity-controls-310173919-label"
                                          value="1"
                                        />
                                      </div>
                                      <button
                                        class="styled__BaseButton-rsekm1-0 styled__PrimaryButton-rsekm1-2 jChbeY geeWOF styled__StyledButton-vtxwzb-5 japAxb beans-quantity-controls__add-button beans-button__container"
                                        type="submit"
                                        data-auto="beans-quantity-controls-add-button"
                                        aria-label="add Tesco Fire Pit Bbq Pork Loin Steaks 400G to basket"
                                      >
                                        <span
                                          class="base-components__BaseElement-sc-1mosoyj-0 styled__InnerContainer-rsekm1-1 oznwo fuFres beans-button__inner-container"
                                          ><span
                                            class="base-components__BaseElement-sc-1mosoyj-0 styled__TextSpan-rsekm1-4 oznwo GDiMp beans-button__text"
                                            >Add</span
                                          ></span
                                        >
                                      </button>
                                    </div>
                                  </div>
                                </div>
                              </div>
                            </div>
                            <input
                              type="hidden"
                              name="_csrf"
                              value="IF27hEy7-e8rc-JXh6PMvwMk_UVHaG6Azp1k"
                            />
                          </form>
                        </div>
                      </div>
                    </div>
                  </div>
                  <div class="hidden-medium product-info-section-small">
                    <div class="product-info-message-list"></div>
                  </div>
                </div>
                <div class="styles__StyledPromotionsMobile-dvv1wj-6 Bxaeb">
                  <div>
                    <div
                      class="styles__StyledPromotionsWithClubcardPriceContainer-sc-1vdpoop-0 bsPFbn"
                    >
                      <div
                        class="styles__StyledClubcardLogo-sc-1vdpoop-2 elOZEB"
                      >
                        <div
                          class="styles__Wrapper-sc-1d2phhy-0 hgBuQG undefined special-offer-sash"
                        >
                          <span
                            class="styles__CircleWrapper-sc-1d2phhy-2 hCbzjm"
                            ><strong
                              class="styles__TextWrapper-sc-1d2phhy-1 bLXNGg"
                              >Clubcard Price</strong
                            ></span
                          >
                        </div>
                      </div>
                      <a href="/groceries/en-GB/promotions/88501107"
                        ><div
                          class="styles__ProductPromotionStyling-sc-1vdpoop-3 cKitpL"
                        >
                          <div
                            class="styles__StyledPromotionsOfferContent-sc-1vdpoop-1 cPSekc"
                          >
                            <span class="offer-text"
                              >Any 2 for £5 Clubcard Price - Selected Tesco
                              Frozen Fire Pit 240g - 800g</span
                            >
                          </div>
                          <span class="dates"
                            >Offer valid for delivery from 14/04/2022 until
                            19/09/2022</span
                          >
                        </div></a
                      >
                    </div>
                  </div>
                </div>
              </div>
            </div>
          </div>
        </li>
        <li class="product-list--list-item">
          <div class="styles__StyledVerticalTileWrapper-dvv1wj-0 dtCNPH">
            <div
              data-auto="product-tile"
              data-auto-type="Quantity"
              data-auto-available="true"
              data-auto-is-restricted-disabled="false"
              data-auto-is-substitute="false"
              class="styles__StyledVerticalTile-dvv1wj-1 hJqNin"
            >
              <div
                class="styles__StyledTileContentWrapper-dvv1wj-2 bkNhNP beans"
              >
                <div
                  id="tile-310095127"
                  data-auto-id="310095127"
                  class="styles__StyledTiledContent-dvv1wj-3 bcglTg"
                >
                  <a
                    href="/groceries/en-GB/products/310095127"
                    aria-hidden="true"
                    class="product-image-wrapper"
                    tabindex="1"
                    ><div class="product-image__container">
                      <picture
                        ><img
                          class="styled__Image-sjvkdn-0 bJErKA product-image beans-responsive-image__image"
                          src="https://digitalcontent.api.tesco.com/v2/media/ghs/c3f45e78-a993-4db6-824f-262a613a4e9a/7a66f39f-7149-471d-8d4a-16e5bf4fa806.jpeg?h=225&amp;w=225"
                          srcset="
                            https://digitalcontent.api.tesco.com/v2/media/ghs/c3f45e78-a993-4db6-824f-262a613a4e9a/7a66f39f-7149-471d-8d4a-16e5bf4fa806.jpeg?h=225&amp;w=225  768w,
                            https://digitalcontent.api.tesco.com/v2/media/ghs/c3f45e78-a993-4db6-824f-262a613a4e9a/7a66f39f-7149-471d-8d4a-16e5bf4fa806.jpeg?h=225&amp;w=225 4000w
                          "
                          alt="Tesco Fire Pit Bumper Meat Pack 1.8Kg"
                      /></picture></div
                  ></a>
                  <div class="product-details--wrapper">
                    <h3>
                      <a
                        href="/groceries/en-GB/products/310095127"
                        class="styled__Anchor-sc-1xbujuz-0 bmBCJq beans-link__anchor"
                        data-auto="product-tile--title"
                        ><span
                          class="styled__Text-sc-1xbujuz-1 ldbwMG beans-link__text"
                          >Tesco Fire Pit Bumper Meat Pack 1.8Kg</span
                        ></a
                      >
                    </h3>
                    <div
                      class="styles__StyledPromotionsAboveMobile-dvv1wj-7 iPTMuo"
                    ></div>
                    <div
                      class="styles__StyledProductDetailsContent-dvv1wj-5 ddRSrq"
                    >
                      <a
                        href="/groceries/en-GB/reviews/submission/310095127?from=%2Fshop%2Fsummer-bbq%2Fbbq-steaks-and-meats%2Fall%3Fpage%3D1%26count%3D48"
                        aria-label="Write a review for Tesco Fire Pit Bumper Meat Pack 1.8Kg"
                        class="styled__Anchor-sc-1xbujuz-0 cFilde beans-link__anchor"
                        data-auto="review-link"
                        ><span
                          class="styled__Text-sc-1xbujuz-1 fyDIEo beans-link__text"
                          >Write a review</span
                        ><span
                          class="styled__IconContainer-sc-1xbujuz-2 bSauSL beans-link__icon-container"
                          ><svg
                            aria-hidden="true"
                            class="styled__SVG-xxa4wh-1 hQMCqc beans-link__icon beans-icon__svg"
                            height="13.33"
                            preserveAspectRatio="xMinYMax meet"
                            viewBox="-1 0 12 20"
                            width="8"
                            xmlns="http://www.w3.org/2000/svg"
                            color="currentColor"
                          >
                            <path
                              d="M1.312 1.348L10.276 10l-8.964 8.644"
                              fill="none"
                              stroke="currentColor"
                            ></path></svg></span
                      ></a>
                      <div>
                        <a
                          href="/groceries/en-GB/shop/frozen-food/frozen-meat-and-poultry/frozen-bbq-meat-and-chicken/frozen-bbq-meat"
                          class="styled__Anchor-sc-1xbujuz-0 cFilde beans-link__anchor"
                          ><span
                            class="styled__Text-sc-1xbujuz-1 fyDIEo beans-link__text"
                            >Rest of
                            <span class="visually-hidden">Frozen BBQ Meat</span>
                            shelf</span
                          ><span
                            class="styled__IconContainer-sc-1xbujuz-2 bSauSL beans-link__icon-container"
                            ><svg
                              aria-hidden="true"
                              class="styled__SVG-xxa4wh-1 hQMCqc beans-link__icon beans-icon__svg"
                              height="13.33"
                              preserveAspectRatio="xMinYMax meet"
                              viewBox="-1 0 12 20"
                              width="8"
                              xmlns="http://www.w3.org/2000/svg"
                              color="currentColor"
                            >
                              <path
                                d="M1.312 1.348L10.276 10l-8.964 8.644"
                                fill="none"
                                stroke="currentColor"
                              ></path></svg></span
                        ></a>
                      </div>
                      <div class="product-info-message-section">
                        <div class="product-info-message-list"></div>
                      </div>
                    </div>
                    <div class="styles__StyledBuyBoxWrapper-dvv1wj-4 dSvjUC">
                      <div
                        class="styles__StyledBuyBoxContainer-sc-1wx0qp6-0 dAXuso"
                        data-auto="buybox-container"
                      >
                        <form
                          action="/groceries/en-GB/trolley/items/310095127?_method=PUT"
                          method="POST"
                          quantitytype="simple-quantity"
                          class="styles__SafeFormWrapper-jtpu2t-0 lcrYKS"
                        >
                          <input type="submit" class="hidden" /><input
                            type="hidden"
                            name="id"
                            value="310095127"
                          /><input
                            type="hidden"
                            name="identifier"
                            value="Page"
                          /><input
                            type="hidden"
                            name="anchorId"
                            value="#tile-310095127"
                          /><input
                            type="hidden"
                            name="returnUrl"
                            value="/groceries/en-GB/shop/summer-bbq/bbq-steaks-and-meats/all?page=1&amp;count=48#tile-310095127"
                          /><input
                            type="hidden"
                            name="backToUrl"
                            value="#"
                          /><input
                            type="hidden"
                            name="oldValue"
                            value="0"
                          /><input
                            type="hidden"
                            name="oldUnitChoice"
                            value="pcs"
                          /><input
                            type="hidden"
                            name="newUnitChoice"
                            value="pcs"
                          />
                          <div
                            class="base-components__RootElement-sc-1mosoyj-1 styled__Container-sc-6nhkzi-0 jptQqM hSNpTb beans-buybox__container"
                          >
                            <div
                              class="base-components__BaseElement-sc-1mosoyj-0 styled__PriceAndActions-sc-6nhkzi-3 oznwo eEPLov beans-buybox__price-and-actions"
                            >
                              <div
                                class="base-components__RootElement-sc-1mosoyj-1 styled__Container-sc-8qlq5b-0 jptQqM bgZrjw styled__StyledPrice-sc-6nhkzi-5 iYHeik beans-buybox__price beans-price__container"
                              >
                                <p
                                  class="styled__StyledHeading-sc-119w3hf-2 jWPEtj styled__Text-sc-8qlq5b-1 lnaeiZ beans-price__text"
                                >
                                  £5.00
                                </p>
                                <p
                                  class="styled__StyledFootnote-sc-119w3hf-7 icrlVF styled__Subtext-sc-8qlq5b-2 bNJmdc beans-price__subtext"
                                >
                                  £2.78/kg
                                </p>
                              </div>
                              <div
                                class="base-components__RootElement-sc-1mosoyj-1 styled__Container-vtxwzb-0 jptQqM bDFhXJ beans-buybox__actions beans-quantity-controls__container"
                              >
                                <div
                                  class="base-components__RootElement-sc-1mosoyj-1 styled__Container-sc-16t2b2a-0 jptQqM PUfgZ styled__StyledFormGroup-vtxwzb-1 kzKuAr beans-quantity-controls__form-group beans-form-group__container"
                                >
                                  <label
                                    class="styled__StyledLabel-sc-1ttuvhr-0 bwxooU beans-form-group__label beans-label"
                                    for="quantity-controls-310095127"
                                    >Quantity controls<!-- -->
                                  </label>
                                  <div
                                    class="base-components__BaseElement-sc-1mosoyj-0 styled__Children-sc-16t2b2a-3 oznwo gdJvjO beans-form-group__children"
                                  >
                                    <div
                                      class="styled__StyledQuantityControlWrapper-vtxwzb-6 LCxOg"
                                    >
                                      <label
                                        id="quantity-controls-310095127-label"
                                        class="styled__VisuallyHiddenLabel-vtxwzb-7 gXlLiM"
                                        >add Tesco Fire Pit Bumper Meat Pack
                                        1.8Kg to basket</label
                                      ><input
                                        type="number"
                                        class="base-components__RootElement-sc-1mosoyj-1 styled__StyledInput-sc-1jd5f57-0 jptQqM hupFMH styled__StyledInput-vtxwzb-3 lwMHo beans-quantity-controls__input beans-input"
                                        data-auto="beans-quantity-controls-input"
                                        autocomplete="off"
                                        id="quantity-controls-310095127"
                                        maxlength="2"
                                        name="newValue"
                                        aria-labelledby="quantity-controls-310095127-label"
                                        value="1"
                                      />
                                    </div>
                                    <button
                                      class="styled__BaseButton-rsekm1-0 styled__PrimaryButton-rsekm1-2 jChbeY geeWOF styled__StyledButton-vtxwzb-5 japAxb beans-quantity-controls__add-button beans-button__container"
                                      type="submit"
                                      data-auto="beans-quantity-controls-add-button"
                                      aria-label="add Tesco Fire Pit Bumper Meat Pack 1.8Kg to basket"
                                    >
                                      <span
                                        class="base-components__BaseElement-sc-1mosoyj-0 styled__InnerContainer-rsekm1-1 oznwo fuFres beans-button__inner-container"
                                        ><span
                                          class="base-components__BaseElement-sc-1mosoyj-0 styled__TextSpan-rsekm1-4 oznwo GDiMp beans-button__text"
                                          >Add</span
                                        ></span
                                      >
                                    </button>
                                  </div>
                                </div>
                              </div>
                            </div>
                          </div>
                          <input
                            type="hidden"
                            name="_csrf"
                            value="IF27hEy7-e8rc-JXh6PMvwMk_UVHaG6Azp1k"
                          />
                        </form>
                      </div>
                    </div>
                  </div>
                  <div class="hidden-medium product-info-section-small">
                    <div class="product-info-message-list"></div>
                  </div>
                </div>
              </div>
            </div>
          </div>
        </li>
        <li class="product-list--list-item">
          <div class="styles__StyledVerticalTileWrapper-dvv1wj-0 dtCNPH">
            <div
              data-auto="product-tile"
              data-auto-type="Quantity"
              data-auto-available="true"
              data-auto-is-restricted-disabled="false"
              data-auto-is-substitute="false"
              class="styles__StyledVerticalTile-dvv1wj-1 hJqNin"
            >
              <div
                class="styles__StyledTileContentWrapper-dvv1wj-2 bkNhNP beans"
              >
                <div
                  id="tile-310189613"
                  data-auto-id="310189613"
                  class="styles__StyledTiledContent-dvv1wj-3 bcglTg"
                >
                  <a
                    href="/groceries/en-GB/products/310189613"
                    aria-hidden="true"
                    class="product-image-wrapper"
                    tabindex="1"
                    ><div class="product-image__container">
                      <picture
                        ><img
                          class="styled__Image-sjvkdn-0 bJErKA product-image beans-responsive-image__image"
                          src="https://digitalcontent.api.tesco.com/v2/media/ghs/8db6c2d4-f521-495b-b817-9040d729ca8a/6bf0facb-d7e8-4b93-a438-a3e310b451bb.jpeg?h=225&amp;w=225"
                          srcset="
                            https://digitalcontent.api.tesco.com/v2/media/ghs/8db6c2d4-f521-495b-b817-9040d729ca8a/6bf0facb-d7e8-4b93-a438-a3e310b451bb.jpeg?h=225&amp;w=225  768w,
                            https://digitalcontent.api.tesco.com/v2/media/ghs/8db6c2d4-f521-495b-b817-9040d729ca8a/6bf0facb-d7e8-4b93-a438-a3e310b451bb.jpeg?h=225&amp;w=225 4000w
                          "
                          alt="Tesco Finest Garlic &amp; Parsley Butter King Prawns 210G"
                      /></picture></div
                  ></a>
                  <div class="product-details--wrapper">
                    <h3>
                      <a
                        href="/groceries/en-GB/products/310189613"
                        class="styled__Anchor-sc-1xbujuz-0 bmBCJq beans-link__anchor"
                        data-auto="product-tile--title"
                        ><span
                          class="styled__Text-sc-1xbujuz-1 ldbwMG beans-link__text"
                          >Tesco Finest Garlic &amp; Parsley Butter King Prawns
                          210G</span
                        ></a
                      >
                    </h3>
                    <div
                      class="styles__StyledProductDetailsContent-dvv1wj-5 ddRSrq"
                    >
                      <a
                        href="/groceries/en-GB/reviews/submission/310189613?from=%2Fshop%2Fsummer-bbq%2Fbbq-steaks-and-meats%2Fall%3Fpage%3D1%26count%3D48"
                        aria-label="Write a review for Tesco Finest Garlic &amp; Parsley Butter King Prawns 210G"
                        class="styled__Anchor-sc-1xbujuz-0 cFilde beans-link__anchor"
                        data-auto="review-link"
                        ><span
                          class="styled__Text-sc-1xbujuz-1 fyDIEo beans-link__text"
                          >Write a review</span
                        ><span
                          class="styled__IconContainer-sc-1xbujuz-2 bSauSL beans-link__icon-container"
                          ><svg
                            aria-hidden="true"
                            class="styled__SVG-xxa4wh-1 hQMCqc beans-link__icon beans-icon__svg"
                            height="13.33"
                            preserveAspectRatio="xMinYMax meet"
                            viewBox="-1 0 12 20"
                            width="8"
                            xmlns="http://www.w3.org/2000/svg"
                            color="currentColor"
                          >
                            <path
                              d="M1.312 1.348L10.276 10l-8.964 8.644"
                              fill="none"
                              stroke="currentColor"
                            ></path></svg></span
                      ></a>
                      <div>
                        <a
                          href="/groceries/en-GB/shop/fresh-food/fresh-meat-and-poultry/burgers-meatballs-and-bbq-meat/bbq-fish"
                          class="styled__Anchor-sc-1xbujuz-0 cFilde beans-link__anchor"
                          ><span
                            class="styled__Text-sc-1xbujuz-1 fyDIEo beans-link__text"
                            >Rest of
                            <span class="visually-hidden">BBQ Fish</span>
                            shelf</span
                          ><span
                            class="styled__IconContainer-sc-1xbujuz-2 bSauSL beans-link__icon-container"
                            ><svg
                              aria-hidden="true"
                              class="styled__SVG-xxa4wh-1 hQMCqc beans-link__icon beans-icon__svg"
                              height="13.33"
                              preserveAspectRatio="xMinYMax meet"
                              viewBox="-1 0 12 20"
                              width="8"
                              xmlns="http://www.w3.org/2000/svg"
                              color="currentColor"
                            >
                              <path
                                d="M1.312 1.348L10.276 10l-8.964 8.644"
                                fill="none"
                                stroke="currentColor"
                              ></path></svg></span
                        ></a>
                      </div>
                      <div class="product-info-message-section">
                        <div class="product-info-message-list"></div>
                      </div>
                    </div>
                    <div
                      class="styles__StyledPromotionsWithBuyBoxWrapper-dvv1wj-8 cZskDh"
                    >
                      <div
                        class="styles__StyledPromotionsAboveMobile-dvv1wj-7 iPTMuo"
                      >
                        <div
                          class="styles__StyledPromotionsWithClubcardPriceContainer-sc-1vdpoop-0 bsPFbn"
                        >
                          <div
                            class="styles__StyledClubcardLogo-sc-1vdpoop-2 elOZEB"
                          >
                            <div
                              class="styles__Wrapper-sc-1d2phhy-0 hgBuQG undefined special-offer-sash"
                            >
                              <span
                                class="styles__CircleWrapper-sc-1d2phhy-2 hCbzjm"
                                ><strong
                                  class="styles__TextWrapper-sc-1d2phhy-1 bLXNGg"
                                  >Clubcard Price</strong
                                ></span
                              >
                            </div>
                          </div>
                          <a href="/groceries/en-GB/promotions/88493669"
                            ><div
                              class="styles__ProductPromotionStyling-sc-1vdpoop-3 cKitpL"
                            >
                              <div
                                class="styles__StyledPromotionsOfferContent-sc-1vdpoop-1 cPSekc"
                              >
                                <span class="offer-text"
                                  >Any 2 for £10 Clubcard Price - Selected Tesco
                                  Finest* Meat Products 210g - 585g</span
                                >
                              </div>
                              <span class="dates"
                                >Offer valid for delivery from 05/04/2022 until
                                29/09/2022</span
                              >
                            </div></a
                          >
                        </div>
                      </div>
                      <div class="styles__StyledBuyBoxWrapper-dvv1wj-4 dSvjUC">
                        <div
                          class="styles__StyledBuyBoxContainer-sc-1wx0qp6-0 dAXuso"
                          data-auto="buybox-container"
                        >
                          <form
                            action="/groceries/en-GB/trolley/items/310189613?_method=PUT"
                            method="POST"
                            quantitytype="simple-quantity"
                            class="styles__SafeFormWrapper-jtpu2t-0 lcrYKS"
                          >
                            <input type="submit" class="hidden" /><input
                              type="hidden"
                              name="id"
                              value="310189613"
                            /><input
                              type="hidden"
                              name="identifier"
                              value="Page"
                            /><input
                              type="hidden"
                              name="anchorId"
                              value="#tile-310189613"
                            /><input
                              type="hidden"
                              name="returnUrl"
                              value="/groceries/en-GB/shop/summer-bbq/bbq-steaks-and-meats/all?page=1&amp;count=48#tile-310189613"
                            /><input
                              type="hidden"
                              name="backToUrl"
                              value="#"
                            /><input
                              type="hidden"
                              name="oldValue"
                              value="0"
                            /><input
                              type="hidden"
                              name="oldUnitChoice"
                              value="pcs"
                            /><input
                              type="hidden"
                              name="newUnitChoice"
                              value="pcs"
                            />
                            <div
                              class="base-components__RootElement-sc-1mosoyj-1 styled__Container-sc-6nhkzi-0 jptQqM hSNpTb beans-buybox__container"
                            >
                              <div
                                class="base-components__BaseElement-sc-1mosoyj-0 styled__PriceAndActions-sc-6nhkzi-3 oznwo eEPLov beans-buybox__price-and-actions"
                              >
                                <div
                                  class="base-components__RootElement-sc-1mosoyj-1 styled__Container-sc-8qlq5b-0 jptQqM bgZrjw styled__StyledPrice-sc-6nhkzi-5 iYHeik beans-buybox__price beans-price__container"
                                >
                                  <p
                                    class="styled__StyledHeading-sc-119w3hf-2 jWPEtj styled__Text-sc-8qlq5b-1 lnaeiZ beans-price__text"
                                  >
                                    £6.00
                                  </p>
                                  <p
                                    class="styled__StyledFootnote-sc-119w3hf-7 icrlVF styled__Subtext-sc-8qlq5b-2 bNJmdc beans-price__subtext"
                                  >
                                    £28.58/kg
                                  </p>
                                </div>
                                <div
                                  class="base-components__RootElement-sc-1mosoyj-1 styled__Container-vtxwzb-0 jptQqM bDFhXJ beans-buybox__actions beans-quantity-controls__container"
                                >
                                  <div
                                    class="base-components__RootElement-sc-1mosoyj-1 styled__Container-sc-16t2b2a-0 jptQqM PUfgZ styled__StyledFormGroup-vtxwzb-1 kzKuAr beans-quantity-controls__form-group beans-form-group__container"
                                  >
                                    <label
                                      class="styled__StyledLabel-sc-1ttuvhr-0 bwxooU beans-form-group__label beans-label"
                                      for="quantity-controls-310189613"
                                      >Quantity controls<!-- -->
                                    </label>
                                    <div
                                      class="base-components__BaseElement-sc-1mosoyj-0 styled__Children-sc-16t2b2a-3 oznwo gdJvjO beans-form-group__children"
                                    >
                                      <div
                                        class="styled__StyledQuantityControlWrapper-vtxwzb-6 LCxOg"
                                      >
                                        <label
                                          id="quantity-controls-310189613-label"
                                          class="styled__VisuallyHiddenLabel-vtxwzb-7 gXlLiM"
                                          >add Tesco Finest Garlic &amp; Parsley
                                          Butter King Prawns 210G to
                                          basket</label
                                        ><input
                                          type="number"
                                          class="base-components__RootElement-sc-1mosoyj-1 styled__StyledInput-sc-1jd5f57-0 jptQqM hupFMH styled__StyledInput-vtxwzb-3 lwMHo beans-quantity-controls__input beans-input"
                                          data-auto="beans-quantity-controls-input"
                                          autocomplete="off"
                                          id="quantity-controls-310189613"
                                          maxlength="2"
                                          name="newValue"
                                          aria-labelledby="quantity-controls-310189613-label"
                                          value="1"
                                        />
                                      </div>
                                      <button
                                        class="styled__BaseButton-rsekm1-0 styled__PrimaryButton-rsekm1-2 jChbeY geeWOF styled__StyledButton-vtxwzb-5 japAxb beans-quantity-controls__add-button beans-button__container"
                                        type="submit"
                                        data-auto="beans-quantity-controls-add-button"
                                        aria-label="add Tesco Finest Garlic &amp; Parsley Butter King Prawns 210G to basket"
                                      >
                                        <span
                                          class="base-components__BaseElement-sc-1mosoyj-0 styled__InnerContainer-rsekm1-1 oznwo fuFres beans-button__inner-container"
                                          ><span
                                            class="base-components__BaseElement-sc-1mosoyj-0 styled__TextSpan-rsekm1-4 oznwo GDiMp beans-button__text"
                                            >Add</span
                                          ></span
                                        >
                                      </button>
                                    </div>
                                  </div>
                                </div>
                              </div>
                            </div>
                            <input
                              type="hidden"
                              name="_csrf"
                              value="IF27hEy7-e8rc-JXh6PMvwMk_UVHaG6Azp1k"
                            />
                          </form>
                        </div>
                      </div>
                    </div>
                  </div>
                  <div class="hidden-medium product-info-section-small">
                    <div class="product-info-message-list"></div>
                  </div>
                </div>
                <div class="styles__StyledPromotionsMobile-dvv1wj-6 Bxaeb">
                  <div>
                    <div
                      class="styles__StyledPromotionsWithClubcardPriceContainer-sc-1vdpoop-0 bsPFbn"
                    >
                      <div
                        class="styles__StyledClubcardLogo-sc-1vdpoop-2 elOZEB"
                      >
                        <div
                          class="styles__Wrapper-sc-1d2phhy-0 hgBuQG undefined special-offer-sash"
                        >
                          <span
                            class="styles__CircleWrapper-sc-1d2phhy-2 hCbzjm"
                            ><strong
                              class="styles__TextWrapper-sc-1d2phhy-1 bLXNGg"
                              >Clubcard Price</strong
                            ></span
                          >
                        </div>
                      </div>
                      <a href="/groceries/en-GB/promotions/88493669"
                        ><div
                          class="styles__ProductPromotionStyling-sc-1vdpoop-3 cKitpL"
                        >
                          <div
                            class="styles__StyledPromotionsOfferContent-sc-1vdpoop-1 cPSekc"
                          >
                            <span class="offer-text"
                              >Any 2 for £10 Clubcard Price - Selected Tesco
                              Finest* Meat Products 210g - 585g</span
                            >
                          </div>
                          <span class="dates"
                            >Offer valid for delivery from 05/04/2022 until
                            29/09/2022</span
                          >
                        </div></a
                      >
                    </div>
                  </div>
                </div>
              </div>
            </div>
          </div>
        </li>
        <li class="product-list--list-item">
          <div class="styles__StyledVerticalTileWrapper-dvv1wj-0 dtCNPH">
            <div
              data-auto="product-tile"
              data-auto-type="Quantity"
              data-auto-available="true"
              data-auto-is-restricted-disabled="false"
              data-auto-is-substitute="false"
              class="styles__StyledVerticalTile-dvv1wj-1 hJqNin"
            >
              <div
                class="styles__StyledTileContentWrapper-dvv1wj-2 bkNhNP beans"
              >
                <div
                  id="tile-310187687"
                  data-auto-id="310187687"
                  class="styles__StyledTiledContent-dvv1wj-3 bcglTg"
                >
                  <a
                    href="/groceries/en-GB/products/310187687"
                    aria-hidden="true"
                    class="product-image-wrapper"
                    tabindex="1"
                    ><div class="product-image__container">
                      <picture
                        ><img
                          class="styled__Image-sjvkdn-0 bJErKA product-image beans-responsive-image__image"
                          src="https://digitalcontent.api.tesco.com/v2/media/ghs/afef1ece-0d9f-41f9-823f-7fd2b82c58a3/e0e31b07-6c15-4d36-acdd-fcf0e0ae4bf8_130773420.jpeg?h=225&amp;w=225"
                          srcset="
                            https://digitalcontent.api.tesco.com/v2/media/ghs/afef1ece-0d9f-41f9-823f-7fd2b82c58a3/e0e31b07-6c15-4d36-acdd-fcf0e0ae4bf8_130773420.jpeg?h=225&amp;w=225  768w,
                            https://digitalcontent.api.tesco.com/v2/media/ghs/afef1ece-0d9f-41f9-823f-7fd2b82c58a3/e0e31b07-6c15-4d36-acdd-fcf0e0ae4bf8_130773420.jpeg?h=225&amp;w=225 4000w
                          "
                          alt="Tesco Finest Korean Style Soy &amp; Ginger Beef Ribs 480G"
                      /></picture></div
                  ></a>
                  <div class="product-details--wrapper">
                    <h3>
                      <a
                        href="/groceries/en-GB/products/310187687"
                        class="styled__Anchor-sc-1xbujuz-0 bmBCJq beans-link__anchor"
                        data-auto="product-tile--title"
                        ><span
                          class="styled__Text-sc-1xbujuz-1 ldbwMG beans-link__text"
                          >Tesco Finest Korean Style Soy &amp; Ginger Beef Ribs
                          480G</span
                        ></a
                      >
                    </h3>
                    <div
                      class="styles__StyledProductDetailsContent-dvv1wj-5 ddRSrq"
                    >
                      <a
                        href="/groceries/en-GB/reviews/submission/310187687?from=%2Fshop%2Fsummer-bbq%2Fbbq-steaks-and-meats%2Fall%3Fpage%3D1%26count%3D48"
                        aria-label="Write a review for Tesco Finest Korean Style Soy &amp; Ginger Beef Ribs 480G"
                        class="styled__Anchor-sc-1xbujuz-0 cFilde beans-link__anchor"
                        data-auto="review-link"
                        ><span
                          class="styled__Text-sc-1xbujuz-1 fyDIEo beans-link__text"
                          >Write a review</span
                        ><span
                          class="styled__IconContainer-sc-1xbujuz-2 bSauSL beans-link__icon-container"
                          ><svg
                            aria-hidden="true"
                            class="styled__SVG-xxa4wh-1 hQMCqc beans-link__icon beans-icon__svg"
                            height="13.33"
                            preserveAspectRatio="xMinYMax meet"
                            viewBox="-1 0 12 20"
                            width="8"
                            xmlns="http://www.w3.org/2000/svg"
                            color="currentColor"
                          >
                            <path
                              d="M1.312 1.348L10.276 10l-8.964 8.644"
                              fill="none"
                              stroke="currentColor"
                            ></path></svg></span
                      ></a>
                      <div>
                        <a
                          href="/groceries/en-GB/shop/fresh-food/fresh-meat-and-poultry/slow-cooked/slow-cooked-red-meat"
                          class="styled__Anchor-sc-1xbujuz-0 cFilde beans-link__anchor"
                          ><span
                            class="styled__Text-sc-1xbujuz-1 fyDIEo beans-link__text"
                            >Rest of
                            <span class="visually-hidden"
                              >Slow Cooked Red Meat</span
                            >
                            shelf</span
                          ><span
                            class="styled__IconContainer-sc-1xbujuz-2 bSauSL beans-link__icon-container"
                            ><svg
                              aria-hidden="true"
                              class="styled__SVG-xxa4wh-1 hQMCqc beans-link__icon beans-icon__svg"
                              height="13.33"
                              preserveAspectRatio="xMinYMax meet"
                              viewBox="-1 0 12 20"
                              width="8"
                              xmlns="http://www.w3.org/2000/svg"
                              color="currentColor"
                            >
                              <path
                                d="M1.312 1.348L10.276 10l-8.964 8.644"
                                fill="none"
                                stroke="currentColor"
                              ></path></svg></span
                        ></a>
                      </div>
                      <div class="product-info-message-section">
                        <div class="product-info-message-list"></div>
                      </div>
                    </div>
                    <div
                      class="styles__StyledPromotionsWithBuyBoxWrapper-dvv1wj-8 cZskDh"
                    >
                      <div
                        class="styles__StyledPromotionsAboveMobile-dvv1wj-7 iPTMuo"
                      >
                        <div
                          class="styles__StyledPromotionsWithClubcardPriceContainer-sc-1vdpoop-0 bsPFbn"
                        >
                          <div
                            class="styles__StyledClubcardLogo-sc-1vdpoop-2 elOZEB"
                          >
                            <div
                              class="styles__Wrapper-sc-1d2phhy-0 hgBuQG undefined special-offer-sash"
                            >
                              <span
                                class="styles__CircleWrapper-sc-1d2phhy-2 hCbzjm"
                                ><strong
                                  class="styles__TextWrapper-sc-1d2phhy-1 bLXNGg"
                                  >Clubcard Price</strong
                                ></span
                              >
                            </div>
                          </div>
                          <a href="/groceries/en-GB/promotions/88493669"
                            ><div
                              class="styles__ProductPromotionStyling-sc-1vdpoop-3 cKitpL"
                            >
                              <div
                                class="styles__StyledPromotionsOfferContent-sc-1vdpoop-1 cPSekc"
                              >
                                <span class="offer-text"
                                  >Any 2 for £10 Clubcard Price - Selected Tesco
                                  Finest* Meat Products 210g - 585g</span
                                >
                              </div>
                              <span class="dates"
                                >Offer valid for delivery from 05/04/2022 until
                                29/09/2022</span
                              >
                            </div></a
                          >
                        </div>
                      </div>
                      <div class="styles__StyledBuyBoxWrapper-dvv1wj-4 dSvjUC">
                        <div
                          class="styles__StyledBuyBoxContainer-sc-1wx0qp6-0 dAXuso"
                          data-auto="buybox-container"
                        >
                          <form
                            action="/groceries/en-GB/trolley/items/310187687?_method=PUT"
                            method="POST"
                            quantitytype="simple-quantity"
                            class="styles__SafeFormWrapper-jtpu2t-0 lcrYKS"
                          >
                            <input type="submit" class="hidden" /><input
                              type="hidden"
                              name="id"
                              value="310187687"
                            /><input
                              type="hidden"
                              name="identifier"
                              value="Page"
                            /><input
                              type="hidden"
                              name="anchorId"
                              value="#tile-310187687"
                            /><input
                              type="hidden"
                              name="returnUrl"
                              value="/groceries/en-GB/shop/summer-bbq/bbq-steaks-and-meats/all?page=1&amp;count=48#tile-310187687"
                            /><input
                              type="hidden"
                              name="backToUrl"
                              value="#"
                            /><input
                              type="hidden"
                              name="oldValue"
                              value="0"
                            /><input
                              type="hidden"
                              name="oldUnitChoice"
                              value="pcs"
                            /><input
                              type="hidden"
                              name="newUnitChoice"
                              value="pcs"
                            />
                            <div
                              class="base-components__RootElement-sc-1mosoyj-1 styled__Container-sc-6nhkzi-0 jptQqM hSNpTb beans-buybox__container"
                            >
                              <div
                                class="base-components__BaseElement-sc-1mosoyj-0 styled__PriceAndActions-sc-6nhkzi-3 oznwo eEPLov beans-buybox__price-and-actions"
                              >
                                <div
                                  class="base-components__RootElement-sc-1mosoyj-1 styled__Container-sc-8qlq5b-0 jptQqM bgZrjw styled__StyledPrice-sc-6nhkzi-5 iYHeik beans-buybox__price beans-price__container"
                                >
                                  <p
                                    class="styled__StyledHeading-sc-119w3hf-2 jWPEtj styled__Text-sc-8qlq5b-1 lnaeiZ beans-price__text"
                                  >
                                    £6.00
                                  </p>
                                  <p
                                    class="styled__StyledFootnote-sc-119w3hf-7 icrlVF styled__Subtext-sc-8qlq5b-2 bNJmdc beans-price__subtext"
                                  >
                                    £12.50/kg
                                  </p>
                                </div>
                                <div
                                  class="base-components__RootElement-sc-1mosoyj-1 styled__Container-vtxwzb-0 jptQqM bDFhXJ beans-buybox__actions beans-quantity-controls__container"
                                >
                                  <div
                                    class="base-components__RootElement-sc-1mosoyj-1 styled__Container-sc-16t2b2a-0 jptQqM PUfgZ styled__StyledFormGroup-vtxwzb-1 kzKuAr beans-quantity-controls__form-group beans-form-group__container"
                                  >
                                    <label
                                      class="styled__StyledLabel-sc-1ttuvhr-0 bwxooU beans-form-group__label beans-label"
                                      for="quantity-controls-310187687"
                                      >Quantity controls<!-- -->
                                    </label>
                                    <div
                                      class="base-components__BaseElement-sc-1mosoyj-0 styled__Children-sc-16t2b2a-3 oznwo gdJvjO beans-form-group__children"
                                    >
                                      <div
                                        class="styled__StyledQuantityControlWrapper-vtxwzb-6 LCxOg"
                                      >
                                        <label
                                          id="quantity-controls-310187687-label"
                                          class="styled__VisuallyHiddenLabel-vtxwzb-7 gXlLiM"
                                          >add Tesco Finest Korean Style Soy
                                          &amp; Ginger Beef Ribs 480G to
                                          basket</label
                                        ><input
                                          type="number"
                                          class="base-components__RootElement-sc-1mosoyj-1 styled__StyledInput-sc-1jd5f57-0 jptQqM hupFMH styled__StyledInput-vtxwzb-3 lwMHo beans-quantity-controls__input beans-input"
                                          data-auto="beans-quantity-controls-input"
                                          autocomplete="off"
                                          id="quantity-controls-310187687"
                                          maxlength="2"
                                          name="newValue"
                                          aria-labelledby="quantity-controls-310187687-label"
                                          value="1"
                                        />
                                      </div>
                                      <button
                                        class="styled__BaseButton-rsekm1-0 styled__PrimaryButton-rsekm1-2 jChbeY geeWOF styled__StyledButton-vtxwzb-5 japAxb beans-quantity-controls__add-button beans-button__container"
                                        type="submit"
                                        data-auto="beans-quantity-controls-add-button"
                                        aria-label="add Tesco Finest Korean Style Soy &amp; Ginger Beef Ribs 480G to basket"
                                      >
                                        <span
                                          class="base-components__BaseElement-sc-1mosoyj-0 styled__InnerContainer-rsekm1-1 oznwo fuFres beans-button__inner-container"
                                          ><span
                                            class="base-components__BaseElement-sc-1mosoyj-0 styled__TextSpan-rsekm1-4 oznwo GDiMp beans-button__text"
                                            >Add</span
                                          ></span
                                        >
                                      </button>
                                    </div>
                                  </div>
                                </div>
                              </div>
                            </div>
                            <input
                              type="hidden"
                              name="_csrf"
                              value="IF27hEy7-e8rc-JXh6PMvwMk_UVHaG6Azp1k"
                            />
                          </form>
                        </div>
                      </div>
                    </div>
                  </div>
                  <div class="hidden-medium product-info-section-small">
                    <div class="product-info-message-list"></div>
                  </div>
                </div>
                <div class="styles__StyledPromotionsMobile-dvv1wj-6 Bxaeb">
                  <div>
                    <div
                      class="styles__StyledPromotionsWithClubcardPriceContainer-sc-1vdpoop-0 bsPFbn"
                    >
                      <div
                        class="styles__StyledClubcardLogo-sc-1vdpoop-2 elOZEB"
                      >
                        <div
                          class="styles__Wrapper-sc-1d2phhy-0 hgBuQG undefined special-offer-sash"
                        >
                          <span
                            class="styles__CircleWrapper-sc-1d2phhy-2 hCbzjm"
                            ><strong
                              class="styles__TextWrapper-sc-1d2phhy-1 bLXNGg"
                              >Clubcard Price</strong
                            ></span
                          >
                        </div>
                      </div>
                      <a href="/groceries/en-GB/promotions/88493669"
                        ><div
                          class="styles__ProductPromotionStyling-sc-1vdpoop-3 cKitpL"
                        >
                          <div
                            class="styles__StyledPromotionsOfferContent-sc-1vdpoop-1 cPSekc"
                          >
                            <span class="offer-text"
                              >Any 2 for £10 Clubcard Price - Selected Tesco
                              Finest* Meat Products 210g - 585g</span
                            >
                          </div>
                          <span class="dates"
                            >Offer valid for delivery from 05/04/2022 until
                            29/09/2022</span
                          >
                        </div></a
                      >
                    </div>
                  </div>
                </div>
              </div>
            </div>
          </div>
        </li>
        <li class="product-list--list-item">
          <div class="styles__StyledVerticalTileWrapper-dvv1wj-0 dtCNPH">
            <div
              data-auto="product-tile"
              data-auto-type="Quantity"
              data-auto-available="true"
              data-auto-is-restricted-disabled="false"
              data-auto-is-substitute="false"
              class="styles__StyledVerticalTile-dvv1wj-1 hJqNin"
            >
              <div
                class="styles__StyledTileContentWrapper-dvv1wj-2 bkNhNP beans"
              >
                <div
                  id="tile-310677502"
                  data-auto-id="310677502"
                  class="styles__StyledTiledContent-dvv1wj-3 bcglTg"
                >
                  <a
                    href="/groceries/en-GB/products/310677502"
                    aria-hidden="true"
                    class="product-image-wrapper"
                    tabindex="1"
                    ><div class="product-image__container">
                      <picture
                        ><img
                          class="styled__Image-sjvkdn-0 bJErKA product-image beans-responsive-image__image"
                          src="https://digitalcontent.api.tesco.com/v2/media/ghs/c4f439d1-9948-4917-9544-616dbd702462/dc8cce5f-cbe1-4286-b376-c8b1e23ea5cc.jpeg?h=225&amp;w=225"
                          srcset="
                            https://digitalcontent.api.tesco.com/v2/media/ghs/c4f439d1-9948-4917-9544-616dbd702462/dc8cce5f-cbe1-4286-b376-c8b1e23ea5cc.jpeg?h=225&amp;w=225  768w,
                            https://digitalcontent.api.tesco.com/v2/media/ghs/c4f439d1-9948-4917-9544-616dbd702462/dc8cce5f-cbe1-4286-b376-c8b1e23ea5cc.jpeg?h=225&amp;w=225 4000w
                          "
                          alt="Tesco Finest Indian Inspired Chicken King Kebab 585G"
                      /></picture></div
                  ></a>
                  <div class="product-details--wrapper">
                    <h3>
                      <a
                        href="/groceries/en-GB/products/310677502"
                        class="styled__Anchor-sc-1xbujuz-0 bmBCJq beans-link__anchor"
                        data-auto="product-tile--title"
                        ><span
                          class="styled__Text-sc-1xbujuz-1 ldbwMG beans-link__text"
                          >Tesco Finest Indian Inspired Chicken King Kebab
                          585G</span
                        ></a
                      >
                    </h3>
                    <div
                      class="styles__StyledProductDetailsContent-dvv1wj-5 ddRSrq"
                    >
                      <a
                        href="/groceries/en-GB/reviews/submission/310677502?from=%2Fshop%2Fsummer-bbq%2Fbbq-steaks-and-meats%2Fall%3Fpage%3D1%26count%3D48"
                        aria-label="Write a review for Tesco Finest Indian Inspired Chicken King Kebab 585G"
                        class="styled__Anchor-sc-1xbujuz-0 cFilde beans-link__anchor"
                        data-auto="review-link"
                        ><span
                          class="styled__Text-sc-1xbujuz-1 fyDIEo beans-link__text"
                          >Write a review</span
                        ><span
                          class="styled__IconContainer-sc-1xbujuz-2 bSauSL beans-link__icon-container"
                          ><svg
                            aria-hidden="true"
                            class="styled__SVG-xxa4wh-1 hQMCqc beans-link__icon beans-icon__svg"
                            height="13.33"
                            preserveAspectRatio="xMinYMax meet"
                            viewBox="-1 0 12 20"
                            width="8"
                            xmlns="http://www.w3.org/2000/svg"
                            color="currentColor"
                          >
                            <path
                              d="M1.312 1.348L10.276 10l-8.964 8.644"
                              fill="none"
                              stroke="currentColor"
                            ></path></svg></span
                      ></a>
                      <div>
                        <a
                          href="/groceries/en-GB/shop/fresh-food/fresh-meat-and-poultry/burgers-meatballs-and-bbq-meat/bbq-chicken"
                          class="styled__Anchor-sc-1xbujuz-0 cFilde beans-link__anchor"
                          ><span
                            class="styled__Text-sc-1xbujuz-1 fyDIEo beans-link__text"
                            >Rest of
                            <span class="visually-hidden">BBQ Chicken</span>
                            shelf</span
                          ><span
                            class="styled__IconContainer-sc-1xbujuz-2 bSauSL beans-link__icon-container"
                            ><svg
                              aria-hidden="true"
                              class="styled__SVG-xxa4wh-1 hQMCqc beans-link__icon beans-icon__svg"
                              height="13.33"
                              preserveAspectRatio="xMinYMax meet"
                              viewBox="-1 0 12 20"
                              width="8"
                              xmlns="http://www.w3.org/2000/svg"
                              color="currentColor"
                            >
                              <path
                                d="M1.312 1.348L10.276 10l-8.964 8.644"
                                fill="none"
                                stroke="currentColor"
                              ></path></svg></span
                        ></a>
                      </div>
                      <div class="product-info-message-section">
                        <div class="product-info-message-list"></div>
                      </div>
                    </div>
                    <div
                      class="styles__StyledPromotionsWithBuyBoxWrapper-dvv1wj-8 cZskDh"
                    >
                      <div
                        class="styles__StyledPromotionsAboveMobile-dvv1wj-7 iPTMuo"
                      >
                        <div
                          class="styles__StyledPromotionsWithClubcardPriceContainer-sc-1vdpoop-0 bsPFbn"
                        >
                          <div
                            class="styles__StyledClubcardLogo-sc-1vdpoop-2 elOZEB"
                          >
                            <div
                              class="styles__Wrapper-sc-1d2phhy-0 hgBuQG undefined special-offer-sash"
                            >
                              <span
                                class="styles__CircleWrapper-sc-1d2phhy-2 hCbzjm"
                                ><strong
                                  class="styles__TextWrapper-sc-1d2phhy-1 bLXNGg"
                                  >Clubcard Price</strong
                                ></span
                              >
                            </div>
                          </div>
                          <a href="/groceries/en-GB/promotions/88493669"
                            ><div
                              class="styles__ProductPromotionStyling-sc-1vdpoop-3 cKitpL"
                            >
                              <div
                                class="styles__StyledPromotionsOfferContent-sc-1vdpoop-1 cPSekc"
                              >
                                <span class="offer-text"
                                  >Any 2 for £10 Clubcard Price - Selected Tesco
                                  Finest* Meat Products 210g - 585g</span
                                >
                              </div>
                              <span class="dates"
                                >Offer valid for delivery from 05/04/2022 until
                                29/09/2022</span
                              >
                            </div></a
                          >
                        </div>
                      </div>
                      <div class="styles__StyledBuyBoxWrapper-dvv1wj-4 dSvjUC">
                        <div
                          class="styles__StyledBuyBoxContainer-sc-1wx0qp6-0 dAXuso"
                          data-auto="buybox-container"
                        >
                          <form
                            action="/groceries/en-GB/trolley/items/310677502?_method=PUT"
                            method="POST"
                            quantitytype="simple-quantity"
                            class="styles__SafeFormWrapper-jtpu2t-0 lcrYKS"
                          >
                            <input type="submit" class="hidden" /><input
                              type="hidden"
                              name="id"
                              value="310677502"
                            /><input
                              type="hidden"
                              name="identifier"
                              value="Page"
                            /><input
                              type="hidden"
                              name="anchorId"
                              value="#tile-310677502"
                            /><input
                              type="hidden"
                              name="returnUrl"
                              value="/groceries/en-GB/shop/summer-bbq/bbq-steaks-and-meats/all?page=1&amp;count=48#tile-310677502"
                            /><input
                              type="hidden"
                              name="backToUrl"
                              value="#"
                            /><input
                              type="hidden"
                              name="oldValue"
                              value="0"
                            /><input
                              type="hidden"
                              name="oldUnitChoice"
                              value="pcs"
                            /><input
                              type="hidden"
                              name="newUnitChoice"
                              value="pcs"
                            />
                            <div
                              class="base-components__RootElement-sc-1mosoyj-1 styled__Container-sc-6nhkzi-0 jptQqM hSNpTb beans-buybox__container"
                            >
                              <div
                                class="base-components__BaseElement-sc-1mosoyj-0 styled__PriceAndActions-sc-6nhkzi-3 oznwo eEPLov beans-buybox__price-and-actions"
                              >
                                <div
                                  class="base-components__RootElement-sc-1mosoyj-1 styled__Container-sc-8qlq5b-0 jptQqM bgZrjw styled__StyledPrice-sc-6nhkzi-5 iYHeik beans-buybox__price beans-price__container"
                                >
                                  <p
                                    class="styled__StyledHeading-sc-119w3hf-2 jWPEtj styled__Text-sc-8qlq5b-1 lnaeiZ beans-price__text"
                                  >
                                    £6.00
                                  </p>
                                  <p
                                    class="styled__StyledFootnote-sc-119w3hf-7 icrlVF styled__Subtext-sc-8qlq5b-2 bNJmdc beans-price__subtext"
                                  >
                                    £10.26/kg
                                  </p>
                                </div>
                                <div
                                  class="base-components__RootElement-sc-1mosoyj-1 styled__Container-vtxwzb-0 jptQqM bDFhXJ beans-buybox__actions beans-quantity-controls__container"
                                >
                                  <div
                                    class="base-components__RootElement-sc-1mosoyj-1 styled__Container-sc-16t2b2a-0 jptQqM PUfgZ styled__StyledFormGroup-vtxwzb-1 kzKuAr beans-quantity-controls__form-group beans-form-group__container"
                                  >
                                    <label
                                      class="styled__StyledLabel-sc-1ttuvhr-0 bwxooU beans-form-group__label beans-label"
                                      for="quantity-controls-310677502"
                                      >Quantity controls<!-- -->
                                    </label>
                                    <div
                                      class="base-components__BaseElement-sc-1mosoyj-0 styled__Children-sc-16t2b2a-3 oznwo gdJvjO beans-form-group__children"
                                    >
                                      <div
                                        class="styled__StyledQuantityControlWrapper-vtxwzb-6 LCxOg"
                                      >
                                        <label
                                          id="quantity-controls-310677502-label"
                                          class="styled__VisuallyHiddenLabel-vtxwzb-7 gXlLiM"
                                          >add Tesco Finest Indian Inspired
                                          Chicken King Kebab 585G to
                                          basket</label
                                        ><input
                                          type="number"
                                          class="base-components__RootElement-sc-1mosoyj-1 styled__StyledInput-sc-1jd5f57-0 jptQqM hupFMH styled__StyledInput-vtxwzb-3 lwMHo beans-quantity-controls__input beans-input"
                                          data-auto="beans-quantity-controls-input"
                                          autocomplete="off"
                                          id="quantity-controls-310677502"
                                          maxlength="2"
                                          name="newValue"
                                          aria-labelledby="quantity-controls-310677502-label"
                                          value="1"
                                        />
                                      </div>
                                      <button
                                        class="styled__BaseButton-rsekm1-0 styled__PrimaryButton-rsekm1-2 jChbeY geeWOF styled__StyledButton-vtxwzb-5 japAxb beans-quantity-controls__add-button beans-button__container"
                                        type="submit"
                                        data-auto="beans-quantity-controls-add-button"
                                        aria-label="add Tesco Finest Indian Inspired Chicken King Kebab 585G to basket"
                                      >
                                        <span
                                          class="base-components__BaseElement-sc-1mosoyj-0 styled__InnerContainer-rsekm1-1 oznwo fuFres beans-button__inner-container"
                                          ><span
                                            class="base-components__BaseElement-sc-1mosoyj-0 styled__TextSpan-rsekm1-4 oznwo GDiMp beans-button__text"
                                            >Add</span
                                          ></span
                                        >
                                      </button>
                                    </div>
                                  </div>
                                </div>
                              </div>
                            </div>
                            <input
                              type="hidden"
                              name="_csrf"
                              value="IF27hEy7-e8rc-JXh6PMvwMk_UVHaG6Azp1k"
                            />
                          </form>
                        </div>
                      </div>
                    </div>
                  </div>
                  <div class="hidden-medium product-info-section-small">
                    <div class="product-info-message-list"></div>
                  </div>
                </div>
                <div class="styles__StyledPromotionsMobile-dvv1wj-6 Bxaeb">
                  <div>
                    <div
                      class="styles__StyledPromotionsWithClubcardPriceContainer-sc-1vdpoop-0 bsPFbn"
                    >
                      <div
                        class="styles__StyledClubcardLogo-sc-1vdpoop-2 elOZEB"
                      >
                        <div
                          class="styles__Wrapper-sc-1d2phhy-0 hgBuQG undefined special-offer-sash"
                        >
                          <span
                            class="styles__CircleWrapper-sc-1d2phhy-2 hCbzjm"
                            ><strong
                              class="styles__TextWrapper-sc-1d2phhy-1 bLXNGg"
                              >Clubcard Price</strong
                            ></span
                          >
                        </div>
                      </div>
                      <a href="/groceries/en-GB/promotions/88493669"
                        ><div
                          class="styles__ProductPromotionStyling-sc-1vdpoop-3 cKitpL"
                        >
                          <div
                            class="styles__StyledPromotionsOfferContent-sc-1vdpoop-1 cPSekc"
                          >
                            <span class="offer-text"
                              >Any 2 for £10 Clubcard Price - Selected Tesco
                              Finest* Meat Products 210g - 585g</span
                            >
                          </div>
                          <span class="dates"
                            >Offer valid for delivery from 05/04/2022 until
                            29/09/2022</span
                          >
                        </div></a
                      >
                    </div>
                  </div>
                </div>
              </div>
            </div>
          </div>
        </li>
      </ul>
    </div>
  </div>
</div>
